Symbol,Date,Time,Bid_Price,Ask_Price,Bid_Size,Ask_Size
ESU13,09/01/2013,17:00:00.095,1640,1640.25,10,1452
ESU13,09/01/2013,17:00:00.095,1640,1640.25,10,1452
ESU13,09/01/2013,17:00:00.095,1640,1640.25,10,16
ESU13,09/01/2013,17:00:00.095,1640,1640.25,9,16
ESU13,09/01/2013,17:00:00.095,1640,1640.25,7,16
ESU13,09/01/2013,17:00:00.095,1640,1640.25,7,17
ESU13,09/01/2013,17:00:00.095,1640,1640.25,7,19
ESU13,09/01/2013,17:00:00.095,1640,1640.25,7,17
ESU13,09/01/2013,17:00:00.101,1640,1640.25,7,15
ESU13,09/01/2013,17:00:00.101,1640,1640.25,2,15
ESU13,09/01/2013,17:00:00.101,1640,1640.25,2,14
ESU13,09/01/2013,17:00:00.121,1640,1640.25,2,13
ESU13,09/01/2013,17:00:00.121,1640,1640.25,2,12
ESU13,09/01/2013,17:00:00.135,1639.75,1640.25,25,12
ESU13,09/01/2013,17:00:00.135,1639.75,1640.25,25,12
ESU13,09/01/2013,17:00:00.135,1639.75,1640.25,22,12
ESU13,09/01/2013,17:00:00.144,1639.75,1640,22,1
ESU13,09/01/2013,17:00:00.144,1639.75,1640,22,2
ESU13,09/01/2013,17:00:00.150,1639.75,1640,20,2
ESU13,09/01/2013,17:00:00.155,1639.75,1640,20,1
ESU13,09/01/2013,17:00:00.155,1639.75,1640.25,20,12
ESU13,09/01/2013,17:00:00.155,1639.75,1640.25,20,12
ESU13,09/01/2013,17:00:00.155,1639.75,1640.25,19,12
ESU13,09/01/2013,17:00:00.155,1639.75,1640.25,18,12
ESU13,09/01/2013,17:00:00.155,1639.75,1640.25,16,12
ESU13,09/01/2013,17:00:00.155,1639.75,1640.25,15,12
ESU13,09/01/2013,17:00:00.155,1639.75,1640.25,14,12
ESU13,09/01/2013,17:00:00.161,1639.75,1640.25,12,12
ESU13,09/01/2013,17:00:00.161,1639.75,1640.25,12,11
ESU13,09/01/2013,17:00:00.161,1639.75,1640.25,12,10
ESU13,09/01/2013,17:00:00.161,1639.75,1640,12,40
ESU13,09/01/2013,17:00:00.161,1639.75,1640,12,39
ESU13,09/01/2013,17:00:00.161,1639.75,1640,12,36
ESU13,09/01/2013,17:00:00.161,1639.75,1640,12,35
ESU13,09/01/2013,17:00:00.166,1639.75,1640,11,35
ESU13,09/01/2013,17:00:00.171,1639.75,1640,10,35
ESU13,09/01/2013,17:00:00.177,1639.75,1640,10,34
ESU13,09/01/2013,17:00:00.177,1639.75,1640,8,34
ESU13,09/01/2013,17:00:00.177,1639.75,1640,7,34
ESU13,09/01/2013,17:00:00.177,1639.75,1640,6,34
ESU13,09/01/2013,17:00:00.182,1639.75,1640,5,34
ESU13,09/01/2013,17:00:00.182,1639.75,1640,5,31
ESU13,09/01/2013,17:00:00.182,1639.75,1640,5,21
ESU13,09/01/2013,17:00:00.187,1639.75,1640,3,21
ESU13,09/01/2013,17:00:00.187,1639.75,1640,2,21
ESU13,09/01/2013,17:00:00.187,1639.75,1640,1,21
ESU13,09/01/2013,17:00:00.187,1639.5,1640,45,21
ESU13,09/01/2013,17:00:00.187,1639.5,1640,45,21
ESU13,09/01/2013,17:00:00.187,1639.5,1640,44,21
ESU13,09/01/2013,17:00:00.191,1639.5,1640,44,20
ESU13,09/01/2013,17:00:00.196,1639.5,1640,43,20
ESU13,09/01/2013,17:00:00.196,1639.5,1640,42,20
ESU13,09/01/2013,17:00:00.202,1639.5,1640,41,20
ESU13,09/01/2013,17:00:00.207,1639.5,1640,40,20
ESU13,09/01/2013,17:00:00.215,1639.5,1640,40,19
ESU13,09/01/2013,17:00:00.215,1639.5,1640,15,19
ESU13,09/01/2013,17:00:00.215,1639.5,1640,15,18
ESU13,09/01/2013,17:00:00.222,1639.5,1640,9,18
ESU13,09/01/2013,17:00:00.230,1639.5,1640,8,18
ESU13,09/01/2013,17:00:00.230,1639.5,1640,8,17
ESU13,09/01/2013,17:00:00.230,1639.5,1640,8,16
ESU13,09/01/2013,17:00:00.230,1639.5,1640,8,15
ESU13,09/01/2013,17:00:00.230,1639.5,1640,8,11
ESU13,09/01/2013,17:00:00.235,1639.5,1640,8,9
ESU13,09/01/2013,17:00:00.235,1639.5,1640,8,7
ESU13,09/01/2013,17:00:00.235,1639.5,1640,8,5
ESU13,09/01/2013,17:00:00.235,1639.5,1640,8,4
ESU13,09/01/2013,17:00:00.241,1639.5,1640.25,8,10
ESU13,09/01/2013,17:00:00.241,1639.5,1640.25,8,10
ESU13,09/01/2013,17:00:00.241,1639.5,1640.5,8,131
ESU13,09/01/2013,17:00:00.241,1639.5,1640.5,8,131
ESU13,09/01/2013,17:00:00.241,1639.5,1640.5,8,93
ESU13,09/01/2013,17:00:00.241,1639.5,1640.5,8,92
ESU13,09/01/2013,17:00:00.241,1639.5,1640.5,8,91
ESU13,09/01/2013,17:00:00.241,1639.5,1640.5,8,87
ESU13,09/01/2013,17:00:00.241,1639.5,1640.5,8,84
ESU13,09/01/2013,17:00:00.241,1639.5,1640.5,8,69
ESU13,09/01/2013,17:00:00.241,1639.5,1640.5,8,65
ESU13,09/01/2013,17:00:00.241,1639.5,1640.5,8,64
ESU13,09/01/2013,17:00:00.247,1639.5,1640.5,7,64
ESU13,09/01/2013,17:00:00.247,1639.5,1640.5,7,63
ESU13,09/01/2013,17:00:00.253,1639.5,1640.5,7,59
ESU13,09/01/2013,17:00:00.253,1639.5,1640.5,7,58
ESU13,09/01/2013,17:00:00.253,1639.5,1640.5,7,57
ESU13,09/01/2013,17:00:00.284,1639.5,1640.5,7,54
ESU13,09/01/2013,17:00:00.291,1639.5,1640.5,6,54
ESU13,09/01/2013,17:00:00.296,1639.5,1640,6,1
ESU13,09/01/2013,17:00:00.302,1639.5,1640.5,6,54
ESU13,09/01/2013,17:00:00.302,1639.5,1640.5,6,54
ESU13,09/01/2013,17:00:00.302,1639.5,1640.5,6,5
ESU13,09/01/2013,17:00:00.302,1639.5,1640.5,6,3
ESU13,09/01/2013,17:00:00.308,1639.5,1640.5,4,3
ESU13,09/01/2013,17:00:00.308,1639.5,1640.5,4,1
ESU13,09/01/2013,17:00:00.319,1639.5,1640.75,4,98
ESU13,09/01/2013,17:00:00.319,1639.5,1640.75,4,98
ESU13,09/01/2013,17:00:00.319,1639.5,1640.75,4,82
ESU13,09/01/2013,17:00:00.319,1639.5,1640.75,4,81
ESU13,09/01/2013,17:00:00.329,1639.5,1640.75,1,81
ESU13,09/01/2013,17:00:00.352,1639.25,1640.75,105,81
ESU13,09/01/2013,17:00:00.352,1639.25,1640.75,105,81
ESU13,09/01/2013,17:00:00.368,1639.25,1640.75,105,80
ESU13,09/01/2013,17:00:00.368,1639.25,1640.75,104,80
ESU13,09/01/2013,17:00:00.376,1639.25,1640.75,103,80
ESU13,09/01/2013,17:00:00.376,1639.25,1640.75,103,79
ESU13,09/01/2013,17:00:00.382,1639.25,1640.75,103,78
ESU13,09/01/2013,17:00:00.404,1639.25,1640.75,93,78
ESU13,09/01/2013,17:00:00.418,1639.25,1640.75,93,77
ESU13,09/01/2013,17:00:00.430,1639.25,1640.75,90,77
ESU13,09/01/2013,17:00:00.430,1639.25,1640.75,90,76
ESU13,09/01/2013,17:00:00.430,1639.25,1640.75,90,75
ESU13,09/01/2013,17:00:00.438,1639.25,1640.75,90,71
ESU13,09/01/2013,17:00:00.453,1639.25,1640.75,75,71
ESU13,09/01/2013,17:00:00.473,1639.25,1640.75,75,21
ESU13,09/01/2013,17:00:00.489,1639.25,1640.75,75,20
ESU13,09/01/2013,17:00:00.629,1639.25,1639.5,75,7
ESU13,09/01/2013,17:00:00.670,1639.25,1639.5,75,6
ESU13,09/01/2013,17:00:00.756,1639.25,1639.5,75,7
ESU13,09/01/2013,17:00:00.756,1639.25,1639.5,75,8
ESU13,09/01/2013,17:00:00.761,1639.25,1639.5,75,10
ESU13,09/01/2013,17:00:00.853,1639.25,1639.5,70,10
ESU13,09/01/2013,17:00:00.853,1639.25,1639.5,69,10
ESU13,09/01/2013,17:00:00.853,1639.25,1639.5,64,10
ESU13,09/01/2013,17:00:00.859,1639.25,1639.5,59,10
ESU13,09/01/2013,17:00:00.892,1639.25,1639.5,59,5
ESU13,09/01/2013,17:00:00.925,1639.25,1639.75,59,2
ESU13,09/01/2013,17:00:00.925,1639.25,1639.75,59,2
ESU13,09/01/2013,17:00:00.925,1639.25,1640.25,59,1
ESU13,09/01/2013,17:00:00.925,1639.25,1640.25,59,1
ESU13,09/01/2013,17:00:00.925,1639.25,1640.5,59,1
ESU13,09/01/2013,17:00:00.925,1639.25,1640.5,59,1
ESU13,09/01/2013,17:00:00.935,1639.25,1640.75,59,22
ESU13,09/01/2013,17:00:00.935,1639.25,1640.75,59,22
ESU13,09/01/2013,17:00:00.935,1639.25,1640.75,59,20
ESU13,09/01/2013,17:00:00.935,1640,1640.75,1,20
ESU13,09/01/2013,17:00:00.961,1640,1640.75,2,20
ESU13,09/01/2013,17:00:00.961,1640.5,1640.75,1,20
ESU13,09/01/2013,17:00:00.969,1640,1640.75,1,20
ESU13,09/01/2013,17:00:00.969,1640,1640.75,1,20
ESU13,09/01/2013,17:00:00.969,1640.25,1640.75,1,20
ESU13,09/01/2013,17:00:00.969,1640.25,1640.75,1,19
ESU13,09/01/2013,17:00:00.969,1640,1640.75,1,19
ESU13,09/01/2013,17:00:00.969,1640,1640.75,1,19
ESU13,09/01/2013,17:00:00.990,1640.25,1640.75,1,19
ESU13,09/01/2013,17:00:01.045,1640.25,1640.5,1,5
ESU13,09/01/2013,17:00:01.052,1640.25,1640.5,2,5
ESU13,09/01/2013,17:00:01.101,1640.25,1640.5,3,5
ESU13,09/01/2013,17:00:01.111,1640.25,1640.5,1,5
ESU13,09/01/2013,17:00:01.132,1640.25,1640.5,1,3
ESU13,09/01/2013,17:00:01.148,1640.25,1640.5,1,1
ESU13,09/01/2013,17:00:01.180,1640.25,1640.5,2,1
ESU13,09/01/2013,17:00:01.192,1640,1640.5,1,1
ESU13,09/01/2013,17:00:01.192,1640,1640.5,1,1
ESU13,09/01/2013,17:00:01.192,1639.5,1640.5,8,1
ESU13,09/01/2013,17:00:01.192,1639.5,1640.5,8,1
ESU13,09/01/2013,17:00:01.192,1639.5,1639.75,8,1
ESU13,09/01/2013,17:00:01.206,1639.5,1639.75,7,1
ESU13,09/01/2013,17:00:01.212,1639.5,1640.25,7,1
ESU13,09/01/2013,17:00:01.212,1639.5,1640.25,7,1
ESU13,09/01/2013,17:00:01.212,1639.5,1640.5,7,2
ESU13,09/01/2013,17:00:01.212,1639.5,1640.5,7,2
ESU13,09/01/2013,17:00:01.212,1639.5,1640.5,8,2
ESU13,09/01/2013,17:00:01.218,1639.5,1640.5,8,1
ESU13,09/01/2013,17:00:01.218,1640,1640.5,1,1
ESU13,09/01/2013,17:00:01.243,1640,1640.75,1,24
ESU13,09/01/2013,17:00:01.243,1640,1640.75,1,24
ESU13,09/01/2013,17:00:01.243,1640,1640.75,1,23
ESU13,09/01/2013,17:00:01.254,1639.5,1640.75,8,23
ESU13,09/01/2013,17:00:01.254,1639.5,1640.75,8,23
ESU13,09/01/2013,17:00:01.260,1639.5,1640.25,8,1
ESU13,09/01/2013,17:00:01.288,1639.5,1640.75,8,23
ESU13,09/01/2013,17:00:01.288,1639.5,1640.75,8,23
ESU13,09/01/2013,17:00:01.288,1640,1640.75,1,23
ESU13,09/01/2013,17:00:01.301,1640,1640.75,1,33
ESU13,09/01/2013,17:00:01.346,1640,1640.75,1,34
ESU13,09/01/2013,17:00:01.358,1640.25,1640.75,1,34
ESU13,09/01/2013,17:00:01.461,1640.25,1640.75,1,32
ESU13,09/01/2013,17:00:01.474,1640.25,1640.75,1,22
ESU13,09/01/2013,17:00:01.517,1640.25,1641,1,715
ESU13,09/01/2013,17:00:01.517,1640.25,1641,1,715
ESU13,09/01/2013,17:00:01.517,1640.25,1641,1,707
ESU13,09/01/2013,17:00:01.517,1640.25,1641,1,699
ESU13,09/01/2013,17:00:01.621,1640.25,1641,1,649
ESU13,09/01/2013,17:00:01.690,1640.25,1641,1,646
ESU13,09/01/2013,17:00:01.715,1640,1641,1,646
ESU13,09/01/2013,17:00:01.715,1640,1641,1,646
ESU13,09/01/2013,17:00:01.715,1639.75,1641,25,646
ESU13,09/01/2013,17:00:01.715,1639.75,1641,25,646
ESU13,09/01/2013,17:00:01.721,1639.75,1640.25,25,1
ESU13,09/01/2013,17:00:01.730,1639.75,1640.25,22,1
ESU13,09/01/2013,17:00:01.803,1639.75,1640.25,17,1
ESU13,09/01/2013,17:00:01.860,1640,1640.25,5,1
ESU13,09/01/2013,17:00:01.914,1640,1641,5,647
ESU13,09/01/2013,17:00:01.914,1640,1641,5,647
ESU13,09/01/2013,17:00:01.920,1640,1641,5,646
ESU13,09/01/2013,17:00:01.920,1640,1641,5,647
ESU13,09/01/2013,17:00:01.920,1640,1641,5,648
ESU13,09/01/2013,17:00:01.920,1640,1641,5,649
ESU13,09/01/2013,17:00:01.920,1640,1641,5,650
ESU13,09/01/2013,17:00:01.920,1640,1641,5,652
ESU13,09/01/2013,17:00:01.920,1640,1641,6,652
ESU13,09/01/2013,17:00:01.920,1640,1641,6,651
ESU13,09/01/2013,17:00:01.929,1640,1640.25,6,1
ESU13,09/01/2013,17:00:02.000,1640,1640.25,3,1
ESU13,09/01/2013,17:00:02.007,1639.75,1640.25,32,1
ESU13,09/01/2013,17:00:02.007,1639.75,1640.25,32,1
ESU13,09/01/2013,17:00:02.007,1639.75,1640.25,32,2
ESU13,09/01/2013,17:00:02.124,1639.75,1640.25,35,2
ESU13,09/01/2013,17:00:02.184,1639.75,1640.25,35,1
ESU13,09/01/2013,17:00:02.227,1639.75,1640.75,35,100
ESU13,09/01/2013,17:00:02.227,1639.75,1640.75,35,100
ESU13,09/01/2013,17:00:02.227,1639.75,1640.75,35,98
ESU13,09/01/2013,17:00:02.234,1640,1640.75,1,98
ESU13,09/01/2013,17:00:02.255,1640,1640.75,1,96
ESU13,09/01/2013,17:00:02.301,1640,1640.75,1,95
ESU13,09/01/2013,17:00:02.311,1640.5,1640.75,3,95
ESU13,09/01/2013,17:00:02.432,1640.5,1640.75,3,96
ESU13,09/01/2013,17:00:02.444,1640.5,1640.75,3,95
ESU13,09/01/2013,17:00:02.550,1640.25,1640.75,2,95
ESU13,09/01/2013,17:00:02.550,1640.25,1640.75,2,95
ESU13,09/01/2013,17:00:02.550,1640,1640.75,1,95
ESU13,09/01/2013,17:00:02.550,1640,1640.75,1,95
ESU13,09/01/2013,17:00:02.556,1640,1640.75,2,95
ESU13,09/01/2013,17:00:02.556,1640,1640.75,3,95
ESU13,09/01/2013,17:00:02.556,1640,1640.75,2,95
ESU13,09/01/2013,17:00:02.556,1640,1640.75,1,95
ESU13,09/01/2013,17:00:02.556,1640,1640.75,1,94
ESU13,09/01/2013,17:00:02.581,1640,1640.75,6,94
ESU13,09/01/2013,17:00:02.644,1640,1640.75,11,94
ESU13,09/01/2013,17:00:02.707,1640,1640.5,11,2
ESU13,09/01/2013,17:00:02.730,1640,1640.75,11,94
ESU13,09/01/2013,17:00:02.730,1640,1640.75,11,94
ESU13,09/01/2013,17:00:02.730,1640,1640.75,11,71
ESU13,09/01/2013,17:00:02.789,1640,1640.75,11,67
ESU13,09/01/2013,17:00:02.926,1640,1640.75,11,72
ESU13,09/01/2013,17:00:02.943,1640,1640.5,11,1
ESU13,09/01/2013,17:00:02.984,1640,1640.5,11,2
ESU13,09/01/2013,17:00:03.016,1640,1640.5,14,2
ESU13,09/01/2013,17:00:03.051,1640,1640.5,29,2
ESU13,09/01/2013,17:00:03.322,1640,1640.5,29,3
ESU13,09/01/2013,17:00:03.421,1640.25,1640.5,25,3
ESU13,09/01/2013,17:00:03.427,1640.25,1640.75,25,98
ESU13,09/01/2013,17:00:03.427,1640.25,1640.75,25,98
ESU13,09/01/2013,17:00:03.444,1640.25,1640.75,25,95
ESU13,09/01/2013,17:00:03.528,1640.25,1640.75,25,100
ESU13,09/01/2013,17:00:03.654,1640.25,1640.75,75,100
ESU13,09/01/2013,17:00:03.674,1640.25,1640.75,75,105
ESU13,09/01/2013,17:00:03.681,1640.25,1640.75,66,105
ESU13,09/01/2013,17:00:03.736,1640.25,1640.5,66,1
ESU13,09/01/2013,17:00:03.749,1640.25,1640.5,65,1
ESU13,09/01/2013,17:00:03.756,1640,1640.5,29,1
ESU13,09/01/2013,17:00:03.756,1640,1640.5,29,1
ESU13,09/01/2013,17:00:03.756,1639.75,1640.5,31,1
ESU13,09/01/2013,17:00:03.756,1639.75,1640.5,31,1
ESU13,09/01/2013,17:00:03.756,1639.75,1640,31,402
ESU13,09/01/2013,17:00:03.890,1639.75,1640,31,401
ESU13,09/01/2013,17:00:03.898,1639.75,1640,31,391
ESU13,09/01/2013,17:00:03.904,1639.75,1640,28,391
ESU13,09/01/2013,17:00:03.915,1639.75,1640,25,391
ESU13,09/01/2013,17:00:03.915,1639.75,1640,25,390
ESU13,09/01/2013,17:00:04.011,1639.75,1640,25,385
ESU13,09/01/2013,17:00:04.337,1639.75,1640,24,385
ESU13,09/01/2013,17:00:04.365,1639.5,1640,32,385
ESU13,09/01/2013,17:00:04.365,1639.5,1640,32,385
ESU13,09/01/2013,17:00:04.365,1639.5,1639.75,32,1
ESU13,09/01/2013,17:00:04.605,1639.5,1640,32,385
ESU13,09/01/2013,17:00:04.605,1639.5,1640,32,385
ESU13,09/01/2013,17:00:04.605,1639.5,1640,32,361
ESU13,09/01/2013,17:00:04.987,1639.5,1640,22,361
ESU13,09/01/2013,17:00:05.156,1639.5,1640,22,359
ESU13,09/01/2013,17:00:05.213,1639.5,1640,22,360
ESU13,09/01/2013,17:00:05.276,1639.5,1639.75,22,50
ESU13,09/01/2013,17:00:05.312,1639.5,1639.75,20,50
ESU13,09/01/2013,17:00:05.320,1639.5,1639.75,17,50
ESU13,09/01/2013,17:00:05.379,1639.5,1639.75,17,48
ESU13,09/01/2013,17:00:05.402,1639.5,1639.75,17,53
ESU13,09/01/2013,17:00:05.417,1639.5,1639.75,17,51
ESU13,09/01/2013,17:00:05.422,1639.5,1639.75,16,51
ESU13,09/01/2013,17:00:05.756,1639.5,1639.75,16,50
ESU13,09/01/2013,17:00:05.804,1639.5,1640,16,361
ESU13,09/01/2013,17:00:05.804,1639.5,1640,16,361
ESU13,09/01/2013,17:00:05.804,1639.5,1640,16,192
ESU13,09/01/2013,17:00:05.942,1639.5,1640,16,191
ESU13,09/01/2013,17:00:05.950,1639.5,1639.75,16,2
ESU13,09/01/2013,17:00:05.950,1639.5,1639.75,16,4
ESU13,09/01/2013,17:00:05.950,1639.5,1639.75,16,5
ESU13,09/01/2013,17:00:06.123,1639.5,1639.75,16,10
ESU13,09/01/2013,17:00:06.138,1639.5,1639.75,15,10
ESU13,09/01/2013,17:00:06.194,1639.5,1640,15,205
ESU13,09/01/2013,17:00:06.194,1639.5,1640,15,205
ESU13,09/01/2013,17:00:06.194,1639.5,1640,15,190
ESU13,09/01/2013,17:00:06.204,1639.5,1640,15,188
ESU13,09/01/2013,17:00:06.204,1639.5,1640,15,186
ESU13,09/01/2013,17:00:06.204,1639.5,1640,15,185
ESU13,09/01/2013,17:00:06.293,1639.5,1640,14,185
ESU13,09/01/2013,17:00:06.293,1639.5,1640,15,185
ESU13,09/01/2013,17:00:06.321,1639.5,1640,15,183
ESU13,09/01/2013,17:00:06.406,1639.5,1640,14,183
ESU13,09/01/2013,17:00:06.470,1639.5,1640,1,183
ESU13,09/01/2013,17:00:06.515,1639.5,1640,1,182
ESU13,09/01/2013,17:00:06.584,1639.75,1640,1,182
ESU13,09/01/2013,17:00:06.591,1639.5,1640,2,182
ESU13,09/01/2013,17:00:06.591,1639.5,1640,2,182
ESU13,09/01/2013,17:00:06.591,1639.5,1640,7,182
ESU13,09/01/2013,17:00:06.591,1639.5,1640,7,177
ESU13,09/01/2013,17:00:06.591,1639.5,1639.75,7,1
ESU13,09/01/2013,17:00:06.598,1639.5,1639.75,6,1
ESU13,09/01/2013,17:00:06.598,1639.5,1639.75,1,1
ESU13,09/01/2013,17:00:06.627,1639.5,1640,1,182
ESU13,09/01/2013,17:00:06.627,1639.5,1640,1,182
ESU13,09/01/2013,17:00:06.634,1639.5,1640,1,181
ESU13,09/01/2013,17:00:06.695,1639.5,1640,1,131
ESU13,09/01/2013,17:00:06.741,1639.75,1640,5,131
ESU13,09/01/2013,17:00:06.741,1639.75,1640,5,126
ESU13,09/01/2013,17:00:06.741,1639.75,1640,5,125
ESU13,09/01/2013,17:00:06.782,1639.75,1640,6,125
ESU13,09/01/2013,17:00:06.876,1639.75,1640,7,125
ESU13,09/01/2013,17:00:06.959,1639.75,1640,5,125
ESU13,09/01/2013,17:00:07.033,1639.75,1640,5,126
ESU13,09/01/2013,17:00:07.108,1639.75,1640,7,126
ESU13,09/01/2013,17:00:07.530,1639.75,1640,6,126
ESU13,09/01/2013,17:00:07.641,1639.75,1640,6,86
ESU13,09/01/2013,17:00:07.665,1639.75,1640,6,85
ESU13,09/01/2013,17:00:07.883,1639.75,1640,6,60
ESU13,09/01/2013,17:00:07.939,1639.75,1640,6,58
ESU13,09/01/2013,17:00:08.023,1639.5,1640,22,58
ESU13,09/01/2013,17:00:08.023,1639.5,1640,22,58
ESU13,09/01/2013,17:00:08.108,1639.5,1640,22,55
ESU13,09/01/2013,17:00:08.209,1639.5,1640,22,30
ESU13,09/01/2013,17:00:08.315,1639.5,1640,22,15
ESU13,09/01/2013,17:00:08.379,1639.5,1640,22,10
ESU13,09/01/2013,17:00:08.418,1640,1640,7,10
ESU13,09/01/2013,17:00:08.418,1640,1640.25,7,69
ESU13,09/01/2013,17:00:08.418,1640,1640.25,7,69
ESU13,09/01/2013,17:00:08.425,1640,1640.25,7,64
ESU13,09/01/2013,17:00:08.563,1640,1640.25,32,64
ESU13,09/01/2013,17:00:08.568,1640,1640.25,32,63
ESU13,09/01/2013,17:00:08.920,1640,1640.25,30,63
ESU13,09/01/2013,17:00:08.966,1640,1640.25,26,63
ESU13,09/01/2013,17:00:09.177,1640,1640.25,26,68
ESU13,09/01/2013,17:00:09.288,1640,1640.25,22,68
ESU13,09/01/2013,17:00:09.673,1640,1640.25,21,68
ESU13,09/01/2013,17:00:09.720,1640,1640.5,21,58
ESU13,09/01/2013,17:00:09.720,1640,1640.5,21,58
ESU13,09/01/2013,17:00:09.720,1640,1640.5,21,56
ESU13,09/01/2013,17:00:09.720,1640,1640.5,22,56
ESU13,09/01/2013,17:00:09.856,1640,1640.5,22,59
ESU13,09/01/2013,17:00:09.977,1640,1640.5,20,59
ESU13,09/01/2013,17:00:10.012,1640,1640.5,20,62
ESU13,09/01/2013,17:00:10.020,1640,1640.5,20,61
ESU13,09/01/2013,17:00:10.020,1640,1640.5,20,60
ESU13,09/01/2013,17:00:10.020,1640,1640.5,20,59
ESU13,09/01/2013,17:00:10.020,1640,1640.5,20,54
ESU13,09/01/2013,17:00:10.020,1640,1640.5,20,53
ESU13,09/01/2013,17:00:10.020,1640,1640.25,20,1
ESU13,09/01/2013,17:00:10.031,1640,1640.25,20,2
ESU13,09/01/2013,17:00:10.031,1640,1640.25,20,3
ESU13,09/01/2013,17:00:10.031,1640,1640.25,19,3
ESU13,09/01/2013,17:00:10.031,1640,1640.25,19,2
ESU13,09/01/2013,17:00:10.031,1640,1640.25,18,2
ESU13,09/01/2013,17:00:10.031,1640,1640.25,18,1
ESU13,09/01/2013,17:00:10.031,1640,1640.25,17,1
ESU13,09/01/2013,17:00:10.031,1640,1640.5,17,59
ESU13,09/01/2013,17:00:10.031,1640,1640.5,17,59
ESU13,09/01/2013,17:00:10.065,1640,1640.5,17,60
ESU13,09/01/2013,17:00:10.112,1640,1640.5,14,60
ESU13,09/01/2013,17:00:10.112,1640,1640.5,14,57
ESU13,09/01/2013,17:00:10.217,1640,1640.25,14,3
ESU13,09/01/2013,17:00:10.217,1640,1640.25,14,4
ESU13,09/01/2013,17:00:10.312,1640,1640.25,14,5
ESU13,09/01/2013,17:00:10.404,1640,1640.25,14,3
ESU13,09/01/2013,17:00:10.448,1640,1640.25,13,3
ESU13,09/01/2013,17:00:10.572,1639.75,1640.25,7,3
ESU13,09/01/2013,17:00:10.572,1639.75,1640.25,7,3
ESU13,09/01/2013,17:00:10.572,1639.75,1640,7,7
ESU13,09/01/2013,17:00:10.572,1639.75,1640,6,7
ESU13,09/01/2013,17:00:10.572,1639.75,1640,1,7
ESU13,09/01/2013,17:00:10.578,1639.75,1640,1,8
ESU13,09/01/2013,17:00:10.653,1639.75,1640,1,13
ESU13,09/01/2013,17:00:10.920,1639.75,1640,1,12
ESU13,09/01/2013,17:00:10.939,1639.75,1640,1,11
ESU13,09/01/2013,17:00:11.048,1639.5,1640,31,11
ESU13,09/01/2013,17:00:11.048,1639.5,1640,31,11
ESU13,09/01/2013,17:00:11.048,1639.5,1639.75,31,3
ESU13,09/01/2013,17:00:11.054,1639.5,1640,31,17
ESU13,09/01/2013,17:00:11.054,1639.5,1640,31,17
ESU13,09/01/2013,17:00:11.054,1639.5,1640,26,17
ESU13,09/01/2013,17:00:11.054,1639.5,1639.75,26,1
ESU13,09/01/2013,17:00:11.537,1639.5,1640,26,69
ESU13,09/01/2013,17:00:11.537,1639.5,1640,26,69
ESU13,09/01/2013,17:00:11.537,1639.5,1640,26,68
ESU13,09/01/2013,17:00:11.609,1639.5,1640,12,68
ESU13,09/01/2013,17:00:11.609,1639.5,1639.75,12,3
ESU13,09/01/2013,17:00:11.684,1639.5,1639.75,12,2
ESU13,09/01/2013,17:00:11.764,1639.5,1639.75,1,2
ESU13,09/01/2013,17:00:11.812,1639.5,1639.75,1,5
ESU13,09/01/2013,17:00:11.997,1639.5,1639.75,5,5
ESU13,09/01/2013,17:00:11.997,1639.5,1639.75,5,10
ESU13,09/01/2013,17:00:12.148,1639.5,1639.75,5,60
ESU13,09/01/2013,17:00:12.148,1639.5,1639.75,1,60
ESU13,09/01/2013,17:00:12.765,1639.5,1639.75,6,60
ESU13,09/01/2013,17:00:12.879,1639.5,1639.75,7,60
ESU13,09/01/2013,17:00:12.942,1639.5,1639.75,12,60
ESU13,09/01/2013,17:00:13.021,1639.5,1639.75,12,59
ESU13,09/01/2013,17:00:13.026,1639.5,1639.75,12,60
ESU13,09/01/2013,17:00:13.032,1639.5,1639.75,12,59
ESU13,09/01/2013,17:00:13.075,1639.5,1639.75,12,57
ESU13,09/01/2013,17:00:13.104,1639.5,1639.75,12,56
ESU13,09/01/2013,17:00:13.179,1639.5,1639.75,7,56
ESU13,09/01/2013,17:00:13.363,1639.5,1639.75,7,57
ESU13,09/01/2013,17:00:13.452,1639.5,1639.75,8,57
ESU13,09/01/2013,17:00:13.638,1639.5,1639.75,8,71
ESU13,09/01/2013,17:00:14.000,1639.5,1639.75,8,66
ESU13,09/01/2013,17:00:14.285,1639.5,1639.75,7,66
ESU13,09/01/2013,17:00:14.405,1639.5,1639.75,7,91
ESU13,09/01/2013,17:00:14.448,1639.5,1639.75,5,91
ESU13,09/01/2013,17:00:15.008,1639.5,1639.75,1,91
ESU13,09/01/2013,17:00:15.309,1639.5,1639.75,6,91
ESU13,09/01/2013,17:00:16.089,1639.5,1639.75,6,92
ESU13,09/01/2013,17:00:16.131,1639.5,1639.75,6,87
ESU13,09/01/2013,17:00:16.555,1639.5,1639.75,6,79
ESU13,09/01/2013,17:00:16.682,1639.5,1639.75,6,80
ESU13,09/01/2013,17:00:16.751,1639.5,1639.75,1,80
ESU13,09/01/2013,17:00:16.823,1639.5,1639.75,1,81
ESU13,09/01/2013,17:00:17.348,1639.5,1639.75,1,86
ESU13,09/01/2013,17:00:17.458,1639.5,1639.75,1,88
ESU13,09/01/2013,17:00:17.501,1639.5,1639.75,1,89
ESU13,09/01/2013,17:00:17.539,1639.5,1639.75,51,89
ESU13,09/01/2013,17:00:17.567,1639.5,1639.75,48,89
ESU13,09/01/2013,17:00:17.567,1639.5,1639.75,48,92
ESU13,09/01/2013,17:00:17.606,1639.5,1639.75,47,92
ESU13,09/01/2013,17:00:17.679,1639.5,1639.75,46,92
ESU13,09/01/2013,17:00:17.685,1639.5,1639.75,46,97
ESU13,09/01/2013,17:00:17.692,1639.5,1639.75,49,97
ESU13,09/01/2013,17:00:17.849,1639.5,1639.75,48,97
ESU13,09/01/2013,17:00:18.013,1639.5,1639.75,48,96
ESU13,09/01/2013,17:00:18.044,1639.5,1639.75,50,96
ESU13,09/01/2013,17:00:18.207,1639.5,1639.75,64,96
ESU13,09/01/2013,17:00:18.908,1639.5,1639.75,64,97
ESU13,09/01/2013,17:00:19.049,1639.5,1639.75,64,92
ESU13,09/01/2013,17:00:19.049,1639.5,1639.75,64,87
ESU13,09/01/2013,17:00:19.136,1639.5,1639.75,64,88
ESU13,09/01/2013,17:00:19.277,1639.5,1639.75,64,89
ESU13,09/01/2013,17:00:19.396,1639.5,1639.75,64,90
ESU13,09/01/2013,17:00:19.624,1639.5,1639.75,64,95
ESU13,09/01/2013,17:00:19.842,1639.5,1639.75,64,96
ESU13,09/01/2013,17:00:19.933,1639.5,1639.75,64,91
ESU13,09/01/2013,17:00:20.046,1639.5,1639.75,64,92
ESU13,09/01/2013,17:00:20.149,1639.5,1639.75,64,90
ESU13,09/01/2013,17:00:20.311,1639.5,1639.75,68,90
ESU13,09/01/2013,17:00:20.377,1639.5,1639.75,68,91
ESU13,09/01/2013,17:00:20.576,1639.5,1639.75,68,96
ESU13,09/01/2013,17:00:20.715,1639.5,1639.75,66,96
ESU13,09/01/2013,17:00:20.870,1639.5,1639.75,66,97
ESU13,09/01/2013,17:00:20.884,1639.5,1639.75,61,97
ESU13,09/01/2013,17:00:21.137,1639.5,1639.75,61,96
ESU13,09/01/2013,17:00:21.137,1639.5,1639.75,61,91
ESU13,09/01/2013,17:00:21.282,1639.5,1639.75,61,92
ESU13,09/01/2013,17:00:21.404,1639.5,1639.75,60,92
ESU13,09/01/2013,17:00:21.425,1639.5,1639.75,55,92
ESU13,09/01/2013,17:00:21.732,1639.25,1639.75,93,92
ESU13,09/01/2013,17:00:21.732,1639.25,1639.75,93,92
ESU13,09/01/2013,17:00:21.732,1639.25,1639.5,93,40
ESU13,09/01/2013,17:00:21.739,1639.25,1639.5,93,47
ESU13,09/01/2013,17:00:21.739,1639.25,1639.5,96,47
ESU13,09/01/2013,17:00:21.739,1639.25,1639.5,91,47
ESU13,09/01/2013,17:00:21.739,1639.25,1639.5,91,49
ESU13,09/01/2013,17:00:21.780,1639.25,1639.5,91,50
ESU13,09/01/2013,17:00:21.969,1639.25,1639.5,91,53
ESU13,09/01/2013,17:00:21.969,1639.25,1639.5,91,56
ESU13,09/01/2013,17:00:22.216,1639.25,1639.5,91,57
ESU13,09/01/2013,17:00:22.371,1639.25,1639.5,90,57
ESU13,09/01/2013,17:00:22.407,1639.25,1639.5,87,57
ESU13,09/01/2013,17:00:22.500,1639.25,1639.5,87,71
ESU13,09/01/2013,17:00:22.834,1639.25,1639.5,87,72
ESU13,09/01/2013,17:00:22.927,1639.25,1639.5,87,71
ESU13,09/01/2013,17:00:22.927,1639.25,1639.5,86,71
ESU13,09/01/2013,17:00:22.939,1639.25,1639.5,85,71
ESU13,09/01/2013,17:00:22.939,1639.25,1639.5,85,74
ESU13,09/01/2013,17:00:22.939,1639.25,1639.5,84,74
ESU13,09/01/2013,17:00:23.332,1639.25,1639.5,83,74
ESU13,09/01/2013,17:00:23.406,1639.25,1639.5,83,79
ESU13,09/01/2013,17:00:23.406,1639.25,1639.5,86,79
ESU13,09/01/2013,17:00:23.494,1639.25,1639.5,86,82
ESU13,09/01/2013,17:00:23.822,1639.25,1639.5,86,85
ESU13,09/01/2013,17:00:23.830,1639.25,1639.5,86,80
ESU13,09/01/2013,17:00:23.925,1639.25,1639.5,86,82
ESU13,09/01/2013,17:00:23.925,1639.25,1639.5,86,83
ESU13,09/01/2013,17:00:23.925,1639.25,1639.5,86,85
ESU13,09/01/2013,17:00:24.037,1639.25,1639.5,85,85
ESU13,09/01/2013,17:00:24.059,1639.25,1639.5,82,85
ESU13,09/01/2013,17:00:24.084,1639.25,1639.5,82,86
ESU13,09/01/2013,17:00:24.090,1639.25,1639.5,81,86
ESU13,09/01/2013,17:00:24.241,1639.25,1639.5,82,86
ESU13,09/01/2013,17:00:24.241,1639.25,1639.5,82,89
ESU13,09/01/2013,17:00:24.241,1639.25,1639.5,85,89
ESU13,09/01/2013,17:00:24.241,1639.25,1639.5,82,89
ESU13,09/01/2013,17:00:24.246,1639.25,1639.5,82,90
ESU13,09/01/2013,17:00:24.415,1639.25,1639.5,79,90
ESU13,09/01/2013,17:00:24.415,1639.25,1639.5,79,91
ESU13,09/01/2013,17:00:24.572,1639.25,1639.5,76,91
ESU13,09/01/2013,17:00:24.572,1639.25,1639.5,76,92
ESU13,09/01/2013,17:00:24.654,1639.25,1639.5,76,93
ESU13,09/01/2013,17:00:24.654,1639.25,1639.5,73,93
ESU13,09/01/2013,17:00:24.654,1639.25,1639.5,73,95
ESU13,09/01/2013,17:00:24.741,1639.25,1639.5,70,95
ESU13,09/01/2013,17:00:24.750,1639.25,1639.5,65,95
ESU13,09/01/2013,17:00:24.784,1639.25,1639.5,65,94
ESU13,09/01/2013,17:00:24.872,1639.25,1639.5,65,95
ESU13,09/01/2013,17:00:24.901,1639.25,1639.5,62,95
ESU13,09/01/2013,17:00:25.048,1639.25,1639.5,62,94
ESU13,09/01/2013,17:00:25.048,1639.25,1639.5,62,144
ESU13,09/01/2013,17:00:25.048,1639.25,1639.5,59,144
ESU13,09/01/2013,17:00:25.079,1639.25,1639.5,58,144
ESU13,09/01/2013,17:00:25.204,1639.25,1639.5,58,47
ESU13,09/01/2013,17:00:25.204,1639.25,1639.5,61,47
ESU13,09/01/2013,17:00:25.221,1639.25,1639.5,61,45
ESU13,09/01/2013,17:00:25.221,1639.25,1639.5,61,44
ESU13,09/01/2013,17:00:25.221,1639.25,1639.5,61,43
ESU13,09/01/2013,17:00:25.229,1639.25,1639.5,61,45
ESU13,09/01/2013,17:00:25.300,1639.25,1639.5,61,42
ESU13,09/01/2013,17:00:25.480,1639.25,1639.5,47,42
ESU13,09/01/2013,17:00:25.480,1639.25,1639.5,47,45
ESU13,09/01/2013,17:00:25.480,1639.25,1639.5,47,48
ESU13,09/01/2013,17:00:25.480,1639.25,1639.5,47,51
ESU13,09/01/2013,17:00:25.505,1639.25,1639.5,46,51
ESU13,09/01/2013,17:00:25.505,1639.25,1639.5,46,54
ESU13,09/01/2013,17:00:25.541,1639.25,1639.5,41,54
ESU13,09/01/2013,17:00:25.654,1639.25,1639.5,41,57
ESU13,09/01/2013,17:00:25.768,1639.25,1639.5,41,56
ESU13,09/01/2013,17:00:25.973,1639.25,1639.5,41,81
ESU13,09/01/2013,17:00:26.115,1639.25,1639.5,41,80
ESU13,09/01/2013,17:00:26.165,1639.25,1639.5,46,80
ESU13,09/01/2013,17:00:26.278,1639.25,1639.5,46,85
ESU13,09/01/2013,17:00:26.667,1639.25,1639.5,21,85
ESU13,09/01/2013,17:00:26.667,1639.25,1639.5,18,85
ESU13,09/01/2013,17:00:26.667,1639.25,1639.5,13,85
ESU13,09/01/2013,17:00:26.667,1639.25,1639.5,8,85
ESU13,09/01/2013,17:00:26.667,1639.25,1639.5,3,85
ESU13,09/01/2013,17:00:26.673,1639,1639.5,82,85
ESU13,09/01/2013,17:00:26.673,1639,1639.5,82,85
ESU13,09/01/2013,17:00:26.673,1639,1639.25,82,2
ESU13,09/01/2013,17:00:26.673,1639,1639.25,85,2
ESU13,09/01/2013,17:00:26.673,1639,1639.25,88,2
ESU13,09/01/2013,17:00:26.673,1639,1639.25,91,2
ESU13,09/01/2013,17:00:26.678,1639,1639.5,91,91
ESU13,09/01/2013,17:00:26.678,1639,1639.5,91,91
ESU13,09/01/2013,17:00:26.769,1639,1639.5,96,91
ESU13,09/01/2013,17:00:26.879,1639,1639.5,110,91
ESU13,09/01/2013,17:00:27.164,1639,1639.5,111,91
ESU13,09/01/2013,17:00:27.164,1639,1639.25,111,25
ESU13,09/01/2013,17:00:27.191,1639,1639.25,111,26
ESU13,09/01/2013,17:00:27.191,1639,1639.25,106,26
ESU13,09/01/2013,17:00:27.230,1639,1639.25,105,26
ESU13,09/01/2013,17:00:27.601,1639,1639.25,104,26
ESU13,09/01/2013,17:00:27.702,1639,1639.25,103,26
ESU13,09/01/2013,17:00:27.944,1639,1639.25,103,28
ESU13,09/01/2013,17:00:28.053,1639,1639.25,103,30
ESU13,09/01/2013,17:00:28.053,1639,1639.25,103,33
ESU13,09/01/2013,17:00:28.315,1639,1639.25,103,32
ESU13,09/01/2013,17:00:28.475,1639,1639.25,103,31
ESU13,09/01/2013,17:00:28.487,1639,1639.25,103,34
ESU13,09/01/2013,17:00:28.517,1639,1639.25,103,36
ESU13,09/01/2013,17:00:28.662,1639,1639.25,103,11
ESU13,09/01/2013,17:00:28.662,1639,1639.25,103,8
ESU13,09/01/2013,17:00:29.136,1639,1639.25,106,8
ESU13,09/01/2013,17:00:29.161,1639.25,1639.25,2,8
ESU13,09/01/2013,17:00:29.161,1639.25,1639.5,2,91
ESU13,09/01/2013,17:00:29.161,1639.25,1639.5,2,91
ESU13,09/01/2013,17:00:29.168,1639,1639.5,111,91
ESU13,09/01/2013,17:00:29.168,1639,1639.5,111,91
ESU13,09/01/2013,17:00:29.168,1639,1639.5,110,91
ESU13,09/01/2013,17:00:29.335,1639,1639.5,108,91
ESU13,09/01/2013,17:00:29.618,1639,1639.25,108,1
ESU13,09/01/2013,17:00:29.618,1639,1639.25,103,1
ESU13,09/01/2013,17:00:29.716,1639,1639.5,103,92
ESU13,09/01/2013,17:00:29.716,1639,1639.5,103,92
ESU13,09/01/2013,17:00:30.448,1639.25,1639.5,1,92
ESU13,09/01/2013,17:00:31.274,1639,1639.5,108,92
ESU13,09/01/2013,17:00:31.274,1639,1639.5,108,92
ESU13,09/01/2013,17:00:31.274,1639,1639.25,108,2
ESU13,09/01/2013,17:00:31.274,1639,1639.25,103,2
ESU13,09/01/2013,17:00:31.450,1639.25,1639.25,3,2
ESU13,09/01/2013,17:00:31.450,1639.25,1639.5,3,92
ESU13,09/01/2013,17:00:31.450,1639.25,1639.5,3,92
ESU13,09/01/2013,17:00:31.516,1639.25,1639.5,2,92
ESU13,09/01/2013,17:00:31.785,1639.25,1639.5,3,92
ESU13,09/01/2013,17:00:31.785,1639.25,1639.5,3,87
ESU13,09/01/2013,17:00:31.853,1639.25,1639.5,1,87
ESU13,09/01/2013,17:00:31.971,1639,1639.5,108,87
ESU13,09/01/2013,17:00:31.971,1639,1639.5,108,87
ESU13,09/01/2013,17:00:31.971,1639,1639.25,108,12
ESU13,09/01/2013,17:00:31.971,1639,1639.25,103,12
ESU13,09/01/2013,17:00:31.977,1639,1639.5,103,92
ESU13,09/01/2013,17:00:31.977,1639,1639.5,103,92
ESU13,09/01/2013,17:00:32.027,1639,1639.25,103,2
ESU13,09/01/2013,17:00:32.084,1639,1639.25,104,2
ESU13,09/01/2013,17:00:32.195,1639,1639.5,104,92
ESU13,09/01/2013,17:00:32.195,1639,1639.5,104,92
ESU13,09/01/2013,17:00:32.195,1639,1639.5,104,69
ESU13,09/01/2013,17:00:32.263,1639.25,1639.5,1,69
ESU13,09/01/2013,17:00:32.263,1639,1639.5,109,69
ESU13,09/01/2013,17:00:32.263,1639,1639.5,109,69
ESU13,09/01/2013,17:00:32.325,1639,1639.5,95,69
ESU13,09/01/2013,17:00:32.338,1639.25,1639.5,3,69
ESU13,09/01/2013,17:00:32.622,1639.25,1639.5,3,68
ESU13,09/01/2013,17:00:32.679,1639.25,1639.5,3,69
ESU13,09/01/2013,17:00:32.762,1639.25,1639.5,2,69
ESU13,09/01/2013,17:00:32.844,1639.25,1639.5,3,69
ESU13,09/01/2013,17:00:32.844,1639.25,1639.5,3,64
ESU13,09/01/2013,17:00:33.750,1639.25,1639.5,3,69
ESU13,09/01/2013,17:00:33.950,1639,1639.5,96,69
ESU13,09/01/2013,17:00:33.950,1639,1639.5,96,69
ESU13,09/01/2013,17:00:33.950,1639,1639.25,96,2
ESU13,09/01/2013,17:00:33.950,1639,1639.25,91,2
ESU13,09/01/2013,17:00:34.443,1639,1639.25,91,1
ESU13,09/01/2013,17:00:34.448,1639,1639.5,91,74
ESU13,09/01/2013,17:00:34.448,1639,1639.5,91,74
ESU13,09/01/2013,17:00:34.542,1639,1639.5,90,74
ESU13,09/01/2013,17:00:34.768,1639,1639.5,90,61
ESU13,09/01/2013,17:00:35.028,1639,1639.25,90,5
ESU13,09/01/2013,17:00:35.217,1639,1639.25,95,5
ESU13,09/01/2013,17:00:35.268,1639,1639.25,95,6
ESU13,09/01/2013,17:00:35.538,1639,1639.25,96,6
ESU13,09/01/2013,17:00:35.724,1639,1639.25,96,5
ESU13,09/01/2013,17:00:35.928,1639,1639.25,96,6
ESU13,09/01/2013,17:00:36.227,1639,1639.25,91,6
ESU13,09/01/2013,17:00:36.227,1639,1639.25,91,1
ESU13,09/01/2013,17:00:36.227,1639,1639.5,91,62
ESU13,09/01/2013,17:00:36.227,1639,1639.5,91,62
ESU13,09/01/2013,17:00:36.656,1639.25,1639.5,5,62
ESU13,09/01/2013,17:00:36.656,1639.25,1639.5,6,62
ESU13,09/01/2013,17:00:36.656,1639.25,1639.5,6,57
ESU13,09/01/2013,17:00:37.216,1639.25,1639.5,6,58
ESU13,09/01/2013,17:00:37.336,1639.25,1639.5,6,51
ESU13,09/01/2013,17:00:37.336,1639.25,1639.5,9,51
ESU13,09/01/2013,17:00:37.336,1639.25,1639.5,12,51
ESU13,09/01/2013,17:00:37.447,1639.25,1639.5,12,53
ESU13,09/01/2013,17:00:37.447,1639.25,1639.5,12,56
ESU13,09/01/2013,17:00:37.921,1639.25,1639.5,26,56
ESU13,09/01/2013,17:00:37.921,1639.25,1639.5,29,56
ESU13,09/01/2013,17:00:37.934,1639.25,1639.5,33,56
ESU13,09/01/2013,17:00:38.129,1639.25,1639.5,33,55
ESU13,09/01/2013,17:00:38.138,1639.25,1639.5,34,55
ESU13,09/01/2013,17:00:38.138,1639.25,1639.5,34,56
ESU13,09/01/2013,17:00:38.231,1639.25,1639.5,39,56
ESU13,09/01/2013,17:00:38.465,1639.25,1639.5,36,56
ESU13,09/01/2013,17:00:38.794,1639.25,1639.5,39,56
ESU13,09/01/2013,17:00:38.794,1639.25,1639.5,39,55
ESU13,09/01/2013,17:00:39.285,1639.25,1639.5,39,52
ESU13,09/01/2013,17:00:39.395,1639.25,1639.5,39,50
ESU13,09/01/2013,17:00:39.513,1639.25,1639.5,39,49
ESU13,09/01/2013,17:00:39.870,1639.25,1639.5,40,49
ESU13,09/01/2013,17:00:39.925,1639.25,1639.5,43,49
ESU13,09/01/2013,17:00:39.925,1639.25,1639.5,43,52
ESU13,09/01/2013,17:00:40.042,1639.25,1639.5,48,52
ESU13,09/01/2013,17:00:40.088,1639.25,1639.5,47,52
ESU13,09/01/2013,17:00:40.165,1639.25,1639.5,42,52
ESU13,09/01/2013,17:00:40.228,1639.25,1639.5,42,27
ESU13,09/01/2013,17:00:40.228,1639.25,1639.5,45,27
ESU13,09/01/2013,17:00:40.228,1639.25,1639.5,45,24
ESU13,09/01/2013,17:00:40.494,1639.5,1639.5,26,24
ESU13,09/01/2013,17:00:40.494,1639.5,1639.75,26,98
ESU13,09/01/2013,17:00:40.494,1639.5,1639.75,26,98
ESU13,09/01/2013,17:00:40.500,1639.5,1639.75,29,98
ESU13,09/01/2013,17:00:40.500,1639.5,1639.75,32,98
ESU13,09/01/2013,17:00:40.500,1639.5,1639.75,35,98
ESU13,09/01/2013,17:00:40.500,1639.5,1639.75,35,93
ESU13,09/01/2013,17:00:40.598,1639.5,1639.75,40,93
ESU13,09/01/2013,17:00:40.611,1639.5,1639.75,39,93
ESU13,09/01/2013,17:00:40.623,1639.5,1639.75,39,92
ESU13,09/01/2013,17:00:40.767,1639.5,1639.75,54,92
ESU13,09/01/2013,17:00:40.817,1639.5,1639.75,57,92
ESU13,09/01/2013,17:00:41.110,1639.5,1639.75,56,92
ESU13,09/01/2013,17:00:41.117,1639.5,1639.75,56,89
ESU13,09/01/2013,17:00:41.315,1639.5,1639.75,70,89
ESU13,09/01/2013,17:00:41.359,1639.5,1639.75,70,74
ESU13,09/01/2013,17:00:41.359,1639.5,1639.75,70,71
ESU13,09/01/2013,17:00:41.442,1639.5,1639.75,71,71
ESU13,09/01/2013,17:00:41.662,1639.5,1639.75,68,71
ESU13,09/01/2013,17:00:41.697,1639.5,1639.75,64,71
ESU13,09/01/2013,17:00:41.722,1639.5,1639.75,61,71
ESU13,09/01/2013,17:00:41.749,1639.5,1639.75,60,71
ESU13,09/01/2013,17:00:41.764,1639.5,1639.75,60,70
ESU13,09/01/2013,17:00:41.770,1639.5,1639.75,58,70
ESU13,09/01/2013,17:00:41.770,1639.5,1639.75,58,73
ESU13,09/01/2013,17:00:41.793,1639.5,1639.75,55,73
ESU13,09/01/2013,17:00:41.812,1639.5,1639.75,52,73
ESU13,09/01/2013,17:00:41.822,1639.5,1639.75,51,73
ESU13,09/01/2013,17:00:41.828,1639.5,1639.75,51,74
ESU13,09/01/2013,17:00:42.057,1639.5,1639.75,51,75
ESU13,09/01/2013,17:00:42.422,1639.5,1639.75,51,74
ESU13,09/01/2013,17:00:42.435,1639.5,1639.75,46,74
ESU13,09/01/2013,17:00:42.611,1639.5,1639.75,46,69
ESU13,09/01/2013,17:00:42.611,1639.5,1639.75,47,69
ESU13,09/01/2013,17:00:42.824,1639.5,1639.75,45,69
ESU13,09/01/2013,17:00:42.824,1639.5,1639.75,47,69
ESU13,09/01/2013,17:00:43.049,1639.5,1639.75,47,68
ESU13,09/01/2013,17:00:43.240,1639.5,1639.75,46,68
ESU13,09/01/2013,17:00:43.240,1639.5,1639.75,47,68
ESU13,09/01/2013,17:00:43.527,1639.5,1639.75,46,68
ESU13,09/01/2013,17:00:43.527,1639.5,1639.75,47,68
ESU13,09/01/2013,17:00:43.810,1639.5,1639.75,46,68
ESU13,09/01/2013,17:00:43.810,1639.5,1639.75,47,68
ESU13,09/01/2013,17:00:43.815,1639.5,1639.75,46,68
ESU13,09/01/2013,17:00:43.815,1639.5,1639.75,47,68
ESU13,09/01/2013,17:00:43.815,1639.5,1639.75,47,67
ESU13,09/01/2013,17:00:43.874,1639.5,1639.75,46,67
ESU13,09/01/2013,17:00:43.874,1639.5,1639.75,47,67
ESU13,09/01/2013,17:00:44.009,1639.5,1639.75,52,67
ESU13,09/01/2013,17:00:44.206,1639.5,1639.75,53,67
ESU13,09/01/2013,17:00:44.259,1639.5,1639.75,41,67
ESU13,09/01/2013,17:00:44.259,1639.5,1639.75,42,67
ESU13,09/01/2013,17:00:44.348,1639.5,1639.75,43,67
ESU13,09/01/2013,17:00:45.509,1639.5,1639.75,50,67
ESU13,09/01/2013,17:00:45.809,1639.5,1639.75,51,67
ESU13,09/01/2013,17:00:46.173,1639.5,1639.75,51,66
ESU13,09/01/2013,17:00:46.948,1639.5,1639.75,51,67
ESU13,09/01/2013,17:00:47.722,1639.5,1639.75,49,67
ESU13,09/01/2013,17:00:47.984,1639.5,1639.75,43,67
ESU13,09/01/2013,17:00:48.394,1639.25,1639.75,57,67
ESU13,09/01/2013,17:00:48.394,1639.25,1639.75,57,67
ESU13,09/01/2013,17:00:48.394,1639,1639.75,101,67
ESU13,09/01/2013,17:00:48.394,1639,1639.75,101,67
ESU13,09/01/2013,17:00:48.394,1639,1639.25,101,74
ESU13,09/01/2013,17:00:48.401,1639,1639.25,96,74
ESU13,09/01/2013,17:00:48.401,1639,1639.25,96,77
ESU13,09/01/2013,17:00:48.401,1639,1639.25,94,77
ESU13,09/01/2013,17:00:48.401,1639,1639.25,92,77
ESU13,09/01/2013,17:00:48.401,1639,1639.25,91,77
ESU13,09/01/2013,17:00:48.401,1639,1639.25,91,78
ESU13,09/01/2013,17:00:48.401,1639,1639.25,91,83
ESU13,09/01/2013,17:00:48.401,1639,1639.25,86,83
ESU13,09/01/2013,17:00:48.401,1639,1639.25,86,86
ESU13,09/01/2013,17:00:48.401,1639,1639.25,86,89
ESU13,09/01/2013,17:00:48.401,1639,1639.25,85,89
ESU13,09/01/2013,17:00:48.401,1639,1639.25,84,89
ESU13,09/01/2013,17:00:48.401,1639,1639.25,84,88
ESU13,09/01/2013,17:00:48.401,1639,1639.25,84,83
ESU13,09/01/2013,17:00:48.435,1639,1639.25,85,83
ESU13,09/01/2013,17:00:48.440,1639,1639.25,84,83
ESU13,09/01/2013,17:00:48.491,1639,1639.25,84,82
ESU13,09/01/2013,17:00:48.748,1639,1639.25,84,81
ESU13,09/01/2013,17:00:48.799,1639,1639.25,84,76
ESU13,09/01/2013,17:00:49.818,1639,1639.25,69,76
ESU13,09/01/2013,17:00:49.818,1639,1639.25,66,76
ESU13,09/01/2013,17:00:50.519,1639,1639.25,65,76
ESU13,09/01/2013,17:00:50.699,1639,1639.25,64,76
ESU13,09/01/2013,17:00:51.051,1639,1639.25,63,76
ESU13,09/01/2013,17:00:51.168,1639,1639.25,63,51
ESU13,09/01/2013,17:00:51.168,1639,1639.25,66,51
ESU13,09/01/2013,17:00:51.723,1639.25,1639.25,149,51
ESU13,09/01/2013,17:00:51.723,1639.25,1639.5,149,36
ESU13,09/01/2013,17:00:51.723,1639.25,1639.5,149,36
ESU13,09/01/2013,17:00:51.723,1639.25,1639.5,152,36
ESU13,09/01/2013,17:00:51.728,1639.25,1639.5,155,36
ESU13,09/01/2013,17:00:51.728,1639.25,1639.5,158,36
ESU13,09/01/2013,17:00:51.728,1639.25,1639.5,158,31
ESU13,09/01/2013,17:00:51.728,1639.25,1639.5,158,34
ESU13,09/01/2013,17:00:51.728,1639.25,1639.5,158,37
ESU13,09/01/2013,17:00:51.728,1639.25,1639.5,158,36
ESU13,09/01/2013,17:00:51.967,1639.25,1639.5,158,33
ESU13,09/01/2013,17:00:52.651,1639.25,1639.5,158,23
ESU13,09/01/2013,17:00:52.651,1639.25,1639.5,158,20
ESU13,09/01/2013,17:00:52.882,1639.25,1639.5,158,23
ESU13,09/01/2013,17:00:53.004,1639.25,1639.5,158,18
ESU13,09/01/2013,17:00:53.278,1639.25,1639.5,158,13
ESU13,09/01/2013,17:00:53.292,1639.25,1639.5,158,9
ESU13,09/01/2013,17:00:53.359,1639.25,1639.5,158,12
ESU13,09/01/2013,17:00:53.429,1639.5,1639.5,25,12
ESU13,09/01/2013,17:00:53.429,1639.5,1639.75,25,70
ESU13,09/01/2013,17:00:53.429,1639.5,1639.75,25,70
ESU13,09/01/2013,17:00:53.947,1639.5,1639.75,24,70
ESU13,09/01/2013,17:00:53.947,1639.5,1639.75,24,69
ESU13,09/01/2013,17:00:54.162,1639.5,1639.75,25,69
ESU13,09/01/2013,17:00:54.162,1639.5,1639.75,25,64
ESU13,09/01/2013,17:00:54.162,1639.5,1639.75,28,64
ESU13,09/01/2013,17:00:54.162,1639.5,1639.75,31,64
ESU13,09/01/2013,17:00:54.327,1639.5,1639.75,41,64
ESU13,09/01/2013,17:00:54.327,1639.5,1639.75,44,64
ESU13,09/01/2013,17:00:54.327,1639.5,1639.75,44,63
ESU13,09/01/2013,17:00:54.529,1639.5,1639.75,42,63
ESU13,09/01/2013,17:00:54.535,1639.5,1639.75,41,63
ESU13,09/01/2013,17:00:54.535,1639.5,1639.75,40,63
ESU13,09/01/2013,17:00:54.758,1639.5,1639.75,40,62
ESU13,09/01/2013,17:00:54.758,1639.5,1639.75,40,61
ESU13,09/01/2013,17:00:55.074,1639.5,1639.75,40,63
ESU13,09/01/2013,17:00:55.139,1639.5,1639.75,189,63
ESU13,09/01/2013,17:00:55.139,1639.5,1639.75,189,60
ESU13,09/01/2013,17:00:55.382,1639.5,1639.75,189,58
ESU13,09/01/2013,17:00:55.736,1639.75,1639.75,87,58
ESU13,09/01/2013,17:00:55.736,1639.75,1640,87,82
ESU13,09/01/2013,17:00:55.736,1639.75,1640,87,82
ESU13,09/01/2013,17:00:55.736,1639.75,1640,90,82
ESU13,09/01/2013,17:00:55.736,1639.75,1640,93,82
ESU13,09/01/2013,17:00:55.736,1639.75,1640,96,82
ESU13,09/01/2013,17:00:55.742,1639.75,1640,96,77
ESU13,09/01/2013,17:00:55.742,1639.75,1640,96,80
ESU13,09/01/2013,17:00:55.742,1639.75,1640,96,83
ESU13,09/01/2013,17:00:55.742,1639.75,1640,96,86
ESU13,09/01/2013,17:00:55.866,1639.75,1640,94,86
ESU13,09/01/2013,17:00:55.878,1639.75,1640,92,86
ESU13,09/01/2013,17:00:55.938,1639.75,1640,97,86
ESU13,09/01/2013,17:00:56.033,1639.75,1640,112,86
ESU13,09/01/2013,17:00:56.513,1639.75,1640,114,86
ESU13,09/01/2013,17:00:56.936,1639.75,1640,114,76
ESU13,09/01/2013,17:00:57.145,1639.75,1640,109,76
ESU13,09/01/2013,17:00:57.250,1639.75,1640,109,71
ESU13,09/01/2013,17:00:57.313,1639.75,1640,109,73
ESU13,09/01/2013,17:00:57.343,1639.75,1640,109,78
ESU13,09/01/2013,17:00:57.598,1639.75,1640,109,63
ESU13,09/01/2013,17:00:57.598,1639.75,1640,109,60
ESU13,09/01/2013,17:00:57.739,1639.75,1640,108,60
ESU13,09/01/2013,17:00:57.763,1639.75,1640,109,60
ESU13,09/01/2013,17:00:57.824,1639.75,1640,104,60
ESU13,09/01/2013,17:00:57.963,1639.75,1640,104,61
ESU13,09/01/2013,17:00:57.977,1639.75,1640,102,61
ESU13,09/01/2013,17:00:57.977,1639.75,1640,102,59
ESU13,09/01/2013,17:00:58.217,1639.75,1640,87,59
ESU13,09/01/2013,17:00:58.217,1639.75,1640,87,62
ESU13,09/01/2013,17:00:58.298,1639.75,1640,87,64
ESU13,09/01/2013,17:00:58.518,1639.75,1640,85,64
ESU13,09/01/2013,17:00:58.609,1639.75,1640,185,64
ESU13,09/01/2013,17:00:58.609,1639.75,1640,185,61
ESU13,09/01/2013,17:00:58.875,1639.75,1640,180,61
ESU13,09/01/2013,17:00:58.982,1639.75,1640,180,59
ESU13,09/01/2013,17:00:58.982,1639.75,1640,180,57
ESU13,09/01/2013,17:00:59.014,1639.75,1640,180,58
ESU13,09/01/2013,17:00:59.070,1639.75,1640,182,58
ESU13,09/01/2013,17:00:59.382,1639.75,1640,182,59
ESU13,09/01/2013,17:00:59.708,1639.75,1640,182,58
ESU13,09/01/2013,17:00:59.764,1639.75,1640,182,50
ESU13,09/01/2013,17:00:59.813,1639.75,1640,177,50
ESU13,09/01/2013,17:01:00.059,1639.75,1640,177,49
ESU13,09/01/2013,17:01:00.142,1639.75,1640,177,39
ESU13,09/01/2013,17:01:00.142,1639.75,1640,177,36
ESU13,09/01/2013,17:01:00.772,1639.75,1640,177,35
ESU13,09/01/2013,17:01:00.874,1640,1640,11,35
ESU13,09/01/2013,17:01:00.874,1640,1640.25,11,71
ESU13,09/01/2013,17:01:00.874,1640,1640.25,11,71
ESU13,09/01/2013,17:01:00.874,1640,1640.25,12,71
ESU13,09/01/2013,17:01:00.880,1640,1640.25,12,72
ESU13,09/01/2013,17:01:00.880,1640,1640.25,12,75
ESU13,09/01/2013,17:01:00.880,1640,1640.25,12,78
ESU13,09/01/2013,17:01:00.880,1640,1640.25,12,81
ESU13,09/01/2013,17:01:00.880,1640,1640.25,12,80
ESU13,09/01/2013,17:01:00.880,1640,1640.25,11,80
ESU13,09/01/2013,17:01:00.880,1640,1640.25,11,79
ESU13,09/01/2013,17:01:00.936,1640,1640.25,10,79
ESU13,09/01/2013,17:01:00.936,1640,1640.25,9,79
ESU13,09/01/2013,17:01:00.936,1640,1640.25,9,77
ESU13,09/01/2013,17:01:00.936,1639.75,1640.25,183,77
ESU13,09/01/2013,17:01:00.936,1639.75,1640.25,183,77
ESU13,09/01/2013,17:01:01.088,1639.75,1640.25,182,77
ESU13,09/01/2013,17:01:01.307,1639.75,1640.25,181,77
ESU13,09/01/2013,17:01:01.622,1639.75,1640.25,181,78
ESU13,09/01/2013,17:01:01.680,1640,1640.25,10,78
ESU13,09/01/2013,17:01:03.058,1640,1640.25,10,77
ESU13,09/01/2013,17:01:03.066,1639.75,1640.25,187,77
ESU13,09/01/2013,17:01:03.066,1639.75,1640.25,187,77
ESU13,09/01/2013,17:01:03.066,1639.75,1640,187,3
ESU13,09/01/2013,17:01:03.066,1639.75,1640,187,4
ESU13,09/01/2013,17:01:03.327,1639.75,1640,187,5
ESU13,09/01/2013,17:01:03.332,1639.75,1640,186,5
ESU13,09/01/2013,17:01:03.332,1639.75,1640,182,5
ESU13,09/01/2013,17:01:03.519,1639.75,1640,182,6
ESU13,09/01/2013,17:01:03.524,1639.75,1640,182,7
ESU13,09/01/2013,17:01:03.524,1639.75,1640,182,8
ESU13,09/01/2013,17:01:03.524,1639.75,1640,182,9
ESU13,09/01/2013,17:01:03.852,1639.75,1640,182,14
ESU13,09/01/2013,17:01:03.912,1639.75,1640,182,17
ESU13,09/01/2013,17:01:04.679,1639.75,1640,182,15
ESU13,09/01/2013,17:01:04.741,1639.75,1640,177,15
ESU13,09/01/2013,17:01:04.791,1639.75,1640,77,15
ESU13,09/01/2013,17:01:04.791,1639.75,1640,74,15
ESU13,09/01/2013,17:01:04.791,1639.75,1640,74,18
ESU13,09/01/2013,17:01:04.791,1639.75,1640,74,21
ESU13,09/01/2013,17:01:04.876,1639.75,1640,74,22
ESU13,09/01/2013,17:01:04.884,1639.75,1640,74,21
ESU13,09/01/2013,17:01:05.260,1639.75,1640,77,21
ESU13,09/01/2013,17:01:05.636,1639.75,1640,77,56
ESU13,09/01/2013,17:01:05.636,1639.75,1640,74,56
ESU13,09/01/2013,17:01:05.823,1639.75,1640,73,56
ESU13,09/01/2013,17:01:05.890,1639.75,1640,73,57
ESU13,09/01/2013,17:01:06.145,1639.75,1640,73,62
ESU13,09/01/2013,17:01:06.376,1639.75,1640,72,62
ESU13,09/01/2013,17:01:06.512,1639.75,1640,72,63
ESU13,09/01/2013,17:01:06.550,1639.75,1640,47,63
ESU13,09/01/2013,17:01:06.550,1639.5,1640,43,63
ESU13,09/01/2013,17:01:06.550,1639.5,1640,43,63
ESU13,09/01/2013,17:01:06.550,1639.5,1640,42,63
ESU13,09/01/2013,17:01:06.550,1639.5,1640,40,63
ESU13,09/01/2013,17:01:06.555,1639.5,1640,38,63
ESU13,09/01/2013,17:01:06.555,1639.5,1639.75,38,3
ESU13,09/01/2013,17:01:06.560,1639.5,1639.75,38,6
ESU13,09/01/2013,17:01:06.560,1639.5,1639.75,33,6
ESU13,09/01/2013,17:01:06.560,1639.5,1639.75,33,7
ESU13,09/01/2013,17:01:06.560,1639.5,1639.75,33,8
ESU13,09/01/2013,17:01:06.560,1639.5,1639.75,33,11
ESU13,09/01/2013,17:01:06.560,1639.5,1639.75,33,14
ESU13,09/01/2013,17:01:06.560,1639.5,1639.75,32,14
ESU13,09/01/2013,17:01:06.820,1639.5,1639.75,33,14
ESU13,09/01/2013,17:01:06.896,1639.5,1639.75,33,64
ESU13,09/01/2013,17:01:06.896,1639.5,1639.75,30,64
ESU13,09/01/2013,17:01:06.896,1639.5,1639.75,27,64
ESU13,09/01/2013,17:01:06.896,1639.5,1639.75,24,64
ESU13,09/01/2013,17:01:06.896,1639.5,1639.75,21,64
ESU13,09/01/2013,17:01:06.896,1639.5,1639.75,21,61
ESU13,09/01/2013,17:01:06.896,1639.5,1639.75,20,61
ESU13,09/01/2013,17:01:06.896,1639.5,1639.75,20,60
ESU13,09/01/2013,17:01:07.210,1639.5,1639.75,20,61
ESU13,09/01/2013,17:01:07.281,1639.5,1639.75,5,61
ESU13,09/01/2013,17:01:07.695,1639.5,1639.75,4,61
ESU13,09/01/2013,17:01:07.814,1639.5,1639.75,4,57
ESU13,09/01/2013,17:01:08.018,1639.5,1639.75,4,60
ESU13,09/01/2013,17:01:08.242,1639.25,1639.75,93,60
ESU13,09/01/2013,17:01:08.242,1639.25,1639.75,93,60
ESU13,09/01/2013,17:01:08.242,1639.25,1639.5,93,1
ESU13,09/01/2013,17:01:08.248,1639.25,1639.75,93,66
ESU13,09/01/2013,17:01:08.248,1639.25,1639.75,93,66
ESU13,09/01/2013,17:01:08.395,1639.25,1639.75,91,66
ESU13,09/01/2013,17:01:08.530,1639.25,1639.5,91,2
ESU13,09/01/2013,17:01:08.622,1639.5,1639.5,8,2
ESU13,09/01/2013,17:01:08.622,1639.5,1639.75,8,66
ESU13,09/01/2013,17:01:08.622,1639.5,1639.75,8,66
ESU13,09/01/2013,17:01:08.622,1639.5,1639.75,8,61
ESU13,09/01/2013,17:01:08.622,1639.5,1639.75,13,61
ESU13,09/01/2013,17:01:08.622,1639.5,1639.75,13,60
ESU13,09/01/2013,17:01:08.700,1639.5,1639.75,3,60
ESU13,09/01/2013,17:01:08.932,1639.5,1639.75,3,85
ESU13,09/01/2013,17:01:09.261,1639.5,1639.75,3,80
ESU13,09/01/2013,17:01:09.261,1639.5,1639.75,3,82
ESU13,09/01/2013,17:01:09.373,1639.5,1639.75,6,82
ESU13,09/01/2013,17:01:09.373,1639.5,1639.75,6,85
ESU13,09/01/2013,17:01:09.373,1639.5,1639.75,8,85
ESU13,09/01/2013,17:01:09.446,1639.5,1639.75,8,60
ESU13,09/01/2013,17:01:09.446,1639.5,1639.75,8,61
ESU13,09/01/2013,17:01:10.164,1639.5,1639.75,13,61
ESU13,09/01/2013,17:01:10.702,1639.5,1639.75,23,61
ESU13,09/01/2013,17:01:10.702,1639.5,1639.75,26,61
ESU13,09/01/2013,17:01:10.702,1639.5,1639.75,29,61
ESU13,09/01/2013,17:01:10.723,1639.5,1639.75,4,61
ESU13,09/01/2013,17:01:10.723,1639.5,1639.75,4,36
ESU13,09/01/2013,17:01:10.723,1639.5,1639.75,12,36
ESU13,09/01/2013,17:01:10.723,1639.5,1639.75,9,36
ESU13,09/01/2013,17:01:10.723,1639.5,1639.75,8,36
ESU13,09/01/2013,17:01:10.744,1639.5,1639.75,12,36
ESU13,09/01/2013,17:01:10.744,1639.5,1639.75,15,36
ESU13,09/01/2013,17:01:10.749,1639.5,1639.75,18,36
ESU13,09/01/2013,17:01:10.920,1639.5,1639.75,18,34
ESU13,09/01/2013,17:01:11.058,1639.5,1639.75,26,34
ESU13,09/01/2013,17:01:11.058,1639.5,1639.75,29,34
ESU13,09/01/2013,17:01:11.427,1639.5,1639.75,29,39
ESU13,09/01/2013,17:01:11.553,1639.5,1639.75,31,39
ESU13,09/01/2013,17:01:11.591,1639.5,1639.75,32,39
ESU13,09/01/2013,17:01:11.616,1639.5,1639.75,46,39
ESU13,09/01/2013,17:01:11.694,1639.5,1639.75,56,39
ESU13,09/01/2013,17:01:11.725,1639.5,1639.75,55,39
ESU13,09/01/2013,17:01:11.862,1639.5,1639.75,55,38
ESU13,09/01/2013,17:01:12.122,1639.5,1639.75,55,37
ESU13,09/01/2013,17:01:12.251,1639.5,1639.75,215,37
ESU13,09/01/2013,17:01:12.251,1639.5,1639.75,215,35
ESU13,09/01/2013,17:01:12.251,1639.5,1639.75,215,32
ESU13,09/01/2013,17:01:12.251,1639.5,1639.75,215,29
ESU13,09/01/2013,17:01:12.251,1639.5,1639.75,215,28
ESU13,09/01/2013,17:01:12.358,1639.5,1639.75,215,27
ESU13,09/01/2013,17:01:12.499,1639.5,1639.75,215,26
ESU13,09/01/2013,17:01:13.047,1639.5,1639.75,215,16
ESU13,09/01/2013,17:01:13.339,1639.5,1639.75,217,16
ESU13,09/01/2013,17:01:13.724,1639.5,1639.75,217,17
ESU13,09/01/2013,17:01:13.883,1639.75,1639.75,4,17
ESU13,09/01/2013,17:01:13.883,1639.75,1640,4,81
ESU13,09/01/2013,17:01:13.883,1639.75,1640,4,81
ESU13,09/01/2013,17:01:13.894,1639.75,1640,4,86
ESU13,09/01/2013,17:01:13.894,1639.75,1640,3,86
ESU13,09/01/2013,17:01:13.904,1639.75,1640,2,86
ESU13,09/01/2013,17:01:13.904,1639.5,1640,223,86
ESU13,09/01/2013,17:01:13.904,1639.5,1640,223,86
ESU13,09/01/2013,17:01:14.075,1639.5,1639.75,223,5
ESU13,09/01/2013,17:01:14.075,1639.5,1639.75,223,10
ESU13,09/01/2013,17:01:14.075,1639.5,1639.75,218,10
ESU13,09/01/2013,17:01:14.348,1639.5,1639.75,168,10
ESU13,09/01/2013,17:01:14.348,1639.5,1639.75,168,13
ESU13,09/01/2013,17:01:14.348,1639.5,1639.75,167,13
ESU13,09/01/2013,17:01:14.376,1639.5,1639.75,165,13
ESU13,09/01/2013,17:01:14.857,1639.5,1639.75,165,23
ESU13,09/01/2013,17:01:14.857,1639.5,1639.75,165,26
ESU13,09/01/2013,17:01:14.857,1639.5,1639.75,168,26
ESU13,09/01/2013,17:01:14.857,1639.5,1639.75,171,26
ESU13,09/01/2013,17:01:14.857,1639.5,1639.75,174,26
ESU13,09/01/2013,17:01:14.857,1639.5,1639.75,174,29
ESU13,09/01/2013,17:01:14.986,1639.5,1639.75,174,43
ESU13,09/01/2013,17:01:15.120,1639.5,1639.75,174,44
ESU13,09/01/2013,17:01:15.135,1639.5,1639.75,174,19
ESU13,09/01/2013,17:01:15.302,1639.5,1639.75,175,19
ESU13,09/01/2013,17:01:15.588,1639.75,1639.75,6,19
ESU13,09/01/2013,17:01:15.588,1639.75,1640,6,81
ESU13,09/01/2013,17:01:15.588,1639.75,1640,6,81
ESU13,09/01/2013,17:01:15.723,1639.75,1640,8,81
ESU13,09/01/2013,17:01:15.824,1639.75,1640,3,81
ESU13,09/01/2013,17:01:16.284,1639.75,1640,2,81
ESU13,09/01/2013,17:01:16.327,1639.5,1640,196,81
ESU13,09/01/2013,17:01:16.327,1639.5,1640,196,81
ESU13,09/01/2013,17:01:17.208,1639.5,1640,201,81
ESU13,09/01/2013,17:01:17.223,1639.5,1640,201,76
ESU13,09/01/2013,17:01:17.601,1639.5,1640,201,75
ESU13,09/01/2013,17:01:17.721,1639.5,1639.75,201,1
ESU13,09/01/2013,17:01:17.801,1639.75,1639.75,14,1
ESU13,09/01/2013,17:01:17.801,1639.75,1640,14,75
ESU13,09/01/2013,17:01:17.801,1639.75,1640,14,75
ESU13,09/01/2013,17:01:17.811,1639.75,1640,13,75
ESU13,09/01/2013,17:01:17.955,1639.75,1640,8,75
ESU13,09/01/2013,17:01:18.361,1639.75,1640,8,90
ESU13,09/01/2013,17:01:18.361,1639.5,1640,201,90
ESU13,09/01/2013,17:01:18.361,1639.5,1640,201,90
ESU13,09/01/2013,17:01:18.394,1639.75,1640,1,90
ESU13,09/01/2013,17:01:18.952,1639.75,1640,1,91
ESU13,09/01/2013,17:01:19.491,1639.75,1640,2,91
ESU13,09/01/2013,17:01:19.604,1639.75,1640,2,92
ESU13,09/01/2013,17:01:19.821,1639.75,1640,1,92
ESU13,09/01/2013,17:01:19.855,1639.75,1640,2,92
ESU13,09/01/2013,17:01:20.789,1639.75,1640,1,92
ESU13,09/01/2013,17:01:20.864,1639.5,1640,200,92
ESU13,09/01/2013,17:01:20.864,1639.5,1640,200,92
ESU13,09/01/2013,17:01:21.066,1639.5,1640,200,77
ESU13,09/01/2013,17:01:21.080,1639.75,1640,1,77
ESU13,09/01/2013,17:01:21.509,1639.75,1640,1,78
ESU13,09/01/2013,17:01:22.105,1639.75,1640,1,79
ESU13,09/01/2013,17:01:23.273,1639.75,1640,1,78
ESU13,09/01/2013,17:01:23.347,1639.5,1640,201,78
ESU13,09/01/2013,17:01:23.347,1639.5,1640,201,78
ESU13,09/01/2013,17:01:23.482,1639.5,1640,201,79
ESU13,09/01/2013,17:01:24.191,1639.75,1640,5,79
ESU13,09/01/2013,17:01:24.420,1640,1640,117,79
ESU13,09/01/2013,17:01:24.420,1640,1640.25,117,81
ESU13,09/01/2013,17:01:24.420,1640,1640.25,117,81
ESU13,09/01/2013,17:01:24.433,1640,1640.25,120,81
ESU13,09/01/2013,17:01:24.433,1640,1640.25,123,81
ESU13,09/01/2013,17:01:24.433,1640,1640.25,126,81
ESU13,09/01/2013,17:01:24.433,1640,1640.25,127,81
ESU13,09/01/2013,17:01:24.433,1640,1640.25,127,80
ESU13,09/01/2013,17:01:24.433,1640,1640.25,127,79
ESU13,09/01/2013,17:01:24.433,1640,1640.25,132,79
ESU13,09/01/2013,17:01:24.438,1640,1640.25,132,78
ESU13,09/01/2013,17:01:24.438,1640,1640.25,132,75
ESU13,09/01/2013,17:01:24.438,1640,1640.25,132,70
ESU13,09/01/2013,17:01:24.438,1640,1640.25,132,67
ESU13,09/01/2013,17:01:24.438,1640,1640.25,131,67
ESU13,09/01/2013,17:01:24.438,1640,1640.25,126,67
ESU13,09/01/2013,17:01:24.438,1640,1640.25,127,67
ESU13,09/01/2013,17:01:24.470,1640,1640.25,127,65
ESU13,09/01/2013,17:01:24.470,1640,1640.25,127,63
ESU13,09/01/2013,17:01:24.543,1640,1640.25,126,63
ESU13,09/01/2013,17:01:24.712,1640,1640.25,125,63
ESU13,09/01/2013,17:01:25.014,1640,1640.25,124,63
ESU13,09/01/2013,17:01:25.041,1640,1640.25,124,64
ESU13,09/01/2013,17:01:25.041,1640,1640.25,124,66
ESU13,09/01/2013,17:01:25.233,1640,1640.25,125,66
ESU13,09/01/2013,17:01:25.266,1640,1640.25,122,66
ESU13,09/01/2013,17:01:25.292,1640,1640.25,122,68
ESU13,09/01/2013,17:01:25.300,1640,1640.25,122,69
ESU13,09/01/2013,17:01:25.495,1640,1640.25,122,70
ESU13,09/01/2013,17:01:25.907,1640,1640.25,122,22
ESU13,09/01/2013,17:01:25.907,1640,1640.25,122,19
ESU13,09/01/2013,17:01:25.907,1640,1640.25,122,16
ESU13,09/01/2013,17:01:25.907,1640,1640.25,122,2
ESU13,09/01/2013,17:01:26.207,1640.25,1640.25,2,2
ESU13,09/01/2013,17:01:26.207,1640.25,1640.5,2,93
ESU13,09/01/2013,17:01:26.207,1640.25,1640.5,2,93
ESU13,09/01/2013,17:01:26.212,1640.25,1640.5,3,93
ESU13,09/01/2013,17:01:26.212,1640.25,1640.5,1,93
ESU13,09/01/2013,17:01:26.219,1640.25,1640.5,1,96
ESU13,09/01/2013,17:01:26.219,1640.25,1640.5,1,99
ESU13,09/01/2013,17:01:26.219,1640.25,1640.5,1,102
ESU13,09/01/2013,17:01:26.219,1640,1640.5,128,102
ESU13,09/01/2013,17:01:26.219,1640,1640.5,128,102
ESU13,09/01/2013,17:01:26.219,1640,1640.5,128,101
ESU13,09/01/2013,17:01:26.219,1640,1640.5,128,96
ESU13,09/01/2013,17:01:26.242,1640,1640.5,128,94
ESU13,09/01/2013,17:01:26.252,1640,1640.5,128,84
ESU13,09/01/2013,17:01:26.528,1640,1640.5,125,84
ESU13,09/01/2013,17:01:26.528,1640,1640.5,124,84
ESU13,09/01/2013,17:01:26.528,1640,1640.5,123,84
ESU13,09/01/2013,17:01:26.544,1640,1640.5,123,86
ESU13,09/01/2013,17:01:26.631,1640,1640.5,123,84
ESU13,09/01/2013,17:01:26.812,1640,1640.5,128,84
ESU13,09/01/2013,17:01:26.820,1640.25,1640.5,1,84
ESU13,09/01/2013,17:01:26.850,1640,1640.5,128,84
ESU13,09/01/2013,17:01:26.850,1640,1640.5,128,84
ESU13,09/01/2013,17:01:26.850,1640,1640.25,128,24
ESU13,09/01/2013,17:01:26.856,1640,1640.25,123,24
ESU13,09/01/2013,17:01:26.909,1640,1640.25,116,24
ESU13,09/01/2013,17:01:26.909,1640,1640.25,116,27
ESU13,09/01/2013,17:01:26.909,1640,1640.25,115,27
ESU13,09/01/2013,17:01:27.491,1640.25,1640.25,1,27
ESU13,09/01/2013,17:01:27.491,1640.25,1640.5,1,89
ESU13,09/01/2013,17:01:27.491,1640.25,1640.5,1,89
ESU13,09/01/2013,17:01:27.771,1640.25,1640.5,21,89
ESU13,09/01/2013,17:01:27.777,1640.25,1640.5,21,84
ESU13,09/01/2013,17:01:27.916,1640.25,1640.5,71,84
ESU13,09/01/2013,17:01:27.916,1640.25,1640.5,74,84
ESU13,09/01/2013,17:01:27.916,1640.25,1640.5,77,84
ESU13,09/01/2013,17:01:27.916,1640.25,1640.5,80,84
ESU13,09/01/2013,17:01:28.831,1640.25,1640.5,80,85
ESU13,09/01/2013,17:01:29.116,1640.25,1640.5,80,71
ESU13,09/01/2013,17:01:29.116,1640.25,1640.5,80,68
ESU13,09/01/2013,17:01:29.130,1640.25,1640.5,80,67
ESU13,09/01/2013,17:01:29.236,1640.25,1640.5,80,66
ESU13,09/01/2013,17:01:29.775,1640.25,1640.5,80,68
ESU13,09/01/2013,17:01:29.810,1640.25,1640.5,80,66
ESU13,09/01/2013,17:01:29.873,1640.25,1640.5,80,56
ESU13,09/01/2013,17:01:29.930,1640.25,1640.5,80,60
ESU13,09/01/2013,17:01:29.953,1640.25,1640.5,80,57
ESU13,09/01/2013,17:01:30.571,1640.25,1640.5,80,27
ESU13,09/01/2013,17:01:30.681,1640.25,1640.5,80,28
ESU13,09/01/2013,17:01:30.689,1640.25,1640.5,51,28
ESU13,09/01/2013,17:01:30.771,1640.25,1640.5,51,27
ESU13,09/01/2013,17:01:30.825,1640.25,1640.5,51,28
ESU13,09/01/2013,17:01:30.979,1640.25,1640.5,51,29
ESU13,09/01/2013,17:01:31.262,1640.25,1640.5,54,29
ESU13,09/01/2013,17:01:31.320,1640.25,1640.5,54,30
ESU13,09/01/2013,17:01:31.320,1640.25,1640.5,54,33
ESU13,09/01/2013,17:01:31.417,1640.25,1640.5,54,34
ESU13,09/01/2013,17:01:31.464,1640.25,1640.5,42,34
ESU13,09/01/2013,17:01:31.464,1640.25,1640.5,42,37
ESU13,09/01/2013,17:01:31.464,1640.25,1640.5,1,37
ESU13,09/01/2013,17:01:31.464,1640.25,1640.5,2,37
ESU13,09/01/2013,17:01:31.470,1640.25,1640.5,2,36
ESU13,09/01/2013,17:01:31.470,1640.25,1640.5,1,36
ESU13,09/01/2013,17:01:31.470,1640.25,1640.5,1,33
ESU13,09/01/2013,17:01:31.678,1640.25,1640.5,1,34
ESU13,09/01/2013,17:01:31.709,1640.25,1640.5,1,36
ESU13,09/01/2013,17:01:31.998,1640.25,1640.5,1,34
ESU13,09/01/2013,17:01:32.005,1640,1640.5,164,34
ESU13,09/01/2013,17:01:32.005,1640,1640.5,164,34
ESU13,09/01/2013,17:01:32.045,1640,1640.5,164,32
ESU13,09/01/2013,17:01:32.345,1640,1640.25,164,15
ESU13,09/01/2013,17:01:32.345,1640,1640.5,164,37
ESU13,09/01/2013,17:01:32.345,1640,1640.5,164,37
ESU13,09/01/2013,17:01:32.384,1640,1640.25,164,25
ESU13,09/01/2013,17:01:32.512,1640,1640.25,164,26
ESU13,09/01/2013,17:01:32.512,1640,1640.25,159,26
ESU13,09/01/2013,17:01:32.654,1640,1640.25,159,25
ESU13,09/01/2013,17:01:32.788,1640,1640.25,159,22
ESU13,09/01/2013,17:01:32.809,1640,1640.25,159,23
ESU13,09/01/2013,17:01:33.377,1640,1640.25,159,26
ESU13,09/01/2013,17:01:33.377,1640,1640.25,158,26
ESU13,09/01/2013,17:01:33.388,1640,1640.25,158,27
ESU13,09/01/2013,17:01:33.542,1640,1640.25,158,30
ESU13,09/01/2013,17:01:34.806,1640,1640.25,158,27
ESU13,09/01/2013,17:01:35.093,1640,1640.25,158,28
ESU13,09/01/2013,17:01:35.829,1640,1640.25,158,27
ESU13,09/01/2013,17:01:36.067,1640,1640.25,158,28
ESU13,09/01/2013,17:01:36.838,1640,1640.25,38,28
ESU13,09/01/2013,17:01:36.838,1640,1640.25,38,31
ESU13,09/01/2013,17:01:36.838,1640,1640.25,38,34
ESU13,09/01/2013,17:01:36.838,1640,1640.25,38,37
ESU13,09/01/2013,17:01:36.838,1639.75,1640.25,53,37
ESU13,09/01/2013,17:01:36.838,1639.75,1640.25,53,37
ESU13,09/01/2013,17:01:36.838,1639.75,1640.25,53,38
ESU13,09/01/2013,17:01:36.967,1639.75,1640.25,52,38
ESU13,09/01/2013,17:01:37.043,1639.75,1640.25,52,36
ESU13,09/01/2013,17:01:37.458,1639.75,1640,52,1
ESU13,09/01/2013,17:01:37.489,1639.75,1640,52,26
ESU13,09/01/2013,17:01:37.489,1639.75,1640,52,29
ESU13,09/01/2013,17:01:37.489,1639.75,1640,52,32
ESU13,09/01/2013,17:01:37.489,1639.75,1640,52,35
ESU13,09/01/2013,17:01:37.489,1639.75,1640,47,35
ESU13,09/01/2013,17:01:37.516,1639.75,1640,47,32
ESU13,09/01/2013,17:01:37.699,1639.75,1640,47,31
ESU13,09/01/2013,17:01:37.752,1639.75,1640,47,41
ESU13,09/01/2013,17:01:38.295,1639.75,1640,47,42
ESU13,09/01/2013,17:01:38.390,1639.5,1640,198,42
ESU13,09/01/2013,17:01:38.390,1639.5,1640,198,42
ESU13,09/01/2013,17:01:38.390,1639.5,1639.75,198,1
ESU13,09/01/2013,17:01:38.390,1639.5,1639.75,198,2
ESU13,09/01/2013,17:01:38.396,1639.5,1639.75,193,2
ESU13,09/01/2013,17:01:38.396,1639.5,1639.75,191,2
ESU13,09/01/2013,17:01:38.396,1639.5,1639.75,190,2
ESU13,09/01/2013,17:01:38.396,1639.5,1639.75,188,2
ESU13,09/01/2013,17:01:38.396,1639.5,1639.75,188,1
ESU13,09/01/2013,17:01:38.396,1639.5,1639.75,188,4
ESU13,09/01/2013,17:01:38.726,1639.5,1639.75,188,14
ESU13,09/01/2013,17:01:38.785,1639.5,1639.75,188,7
ESU13,09/01/2013,17:01:39.084,1639.5,1639.75,188,6
ESU13,09/01/2013,17:01:39.317,1639.5,1639.75,188,1
ESU13,09/01/2013,17:01:39.585,1639.5,1639.75,188,4
ESU13,09/01/2013,17:01:39.591,1639.5,1639.75,188,5
ESU13,09/01/2013,17:01:39.622,1639.75,1639.75,20,5
ESU13,09/01/2013,17:01:39.622,1639.75,1640,20,51
ESU13,09/01/2013,17:01:39.622,1639.75,1640,20,51
ESU13,09/01/2013,17:01:39.628,1639.75,1640,19,51
ESU13,09/01/2013,17:01:39.628,1639.75,1640,19,50
ESU13,09/01/2013,17:01:39.628,1639.75,1640,19,49
ESU13,09/01/2013,17:01:39.628,1639.75,1640,20,49
ESU13,09/01/2013,17:01:39.628,1639.75,1640,20,44
ESU13,09/01/2013,17:01:39.628,1639.75,1640,20,43
ESU13,09/01/2013,17:01:39.628,1639.75,1640,23,43
ESU13,09/01/2013,17:01:39.628,1639.75,1640,26,43
ESU13,09/01/2013,17:01:39.628,1639.75,1640,29,43
ESU13,09/01/2013,17:01:39.651,1639.75,1640,29,41
ESU13,09/01/2013,17:01:39.682,1639.75,1640,29,46
ESU13,09/01/2013,17:01:39.736,1639.75,1640,29,49
ESU13,09/01/2013,17:01:39.736,1639.75,1640,29,50
ESU13,09/01/2013,17:01:39.833,1639.75,1640,9,50
ESU13,09/01/2013,17:01:39.833,1639.75,1640,9,30
ESU13,09/01/2013,17:01:39.833,1639.75,1640,10,30
ESU13,09/01/2013,17:01:39.833,1639.75,1640,7,30
ESU13,09/01/2013,17:01:39.833,1639.75,1640,4,30
ESU13,09/01/2013,17:01:39.833,1639.75,1640,1,30
ESU13,09/01/2013,17:01:40.521,1639.75,1640,6,30
ESU13,09/01/2013,17:01:40.704,1639.75,1640,6,26
ESU13,09/01/2013,17:01:40.704,1639.75,1640,6,27
ESU13,09/01/2013,17:01:40.901,1639.75,1640,6,28
ESU13,09/01/2013,17:01:40.901,1639.75,1640,6,31
ESU13,09/01/2013,17:01:41.031,1639.75,1640,6,21
ESU13,09/01/2013,17:01:41.031,1639.75,1640,9,21
ESU13,09/01/2013,17:01:41.031,1639.75,1640,12,21
ESU13,09/01/2013,17:01:41.031,1639.75,1640,15,21
ESU13,09/01/2013,17:01:41.557,1639.75,1640,14,21
ESU13,09/01/2013,17:01:41.824,1639.75,1640,14,16
ESU13,09/01/2013,17:01:41.824,1639.75,1640,14,18
ESU13,09/01/2013,17:01:42.636,1639.75,1640,16,18
ESU13,09/01/2013,17:01:42.636,1639.75,1640,16,21
ESU13,09/01/2013,17:01:42.666,1639.75,1640,18,21
ESU13,09/01/2013,17:01:42.678,1639.75,1640,19,21
ESU13,09/01/2013,17:01:42.710,1639.75,1640,21,21
ESU13,09/01/2013,17:01:42.770,1639.75,1640,22,21
ESU13,09/01/2013,17:01:42.785,1639.75,1640,20,21
ESU13,09/01/2013,17:01:42.785,1639.75,1640,20,20
ESU13,09/01/2013,17:01:42.785,1639.75,1640,18,20
ESU13,09/01/2013,17:01:42.785,1639.75,1640,18,18
ESU13,09/01/2013,17:01:42.785,1639.75,1640,17,18
ESU13,09/01/2013,17:01:42.785,1639.75,1640,17,17
ESU13,09/01/2013,17:01:42.791,1639.75,1640,15,17
ESU13,09/01/2013,17:01:42.791,1639.75,1640,15,15
ESU13,09/01/2013,17:01:44.114,1639.75,1640,17,15
ESU13,09/01/2013,17:01:44.121,1639.75,1640,16,15
ESU13,09/01/2013,17:01:44.121,1639.75,1640,16,14
ESU13,09/01/2013,17:01:44.213,1639.75,1640,6,14
ESU13,09/01/2013,17:01:44.380,1639.75,1640,6,13
ESU13,09/01/2013,17:01:44.380,1639.75,1640,9,13
ESU13,09/01/2013,17:01:44.417,1639.75,1640,9,11
ESU13,09/01/2013,17:01:45.207,1639.75,1640,9,12
ESU13,09/01/2013,17:01:45.379,1639.75,1640,9,13
ESU13,09/01/2013,17:01:45.469,1639.75,1640,9,12
ESU13,09/01/2013,17:01:45.559,1639.75,1640,9,13
ESU13,09/01/2013,17:01:45.713,1639.75,1640,9,14
ESU13,09/01/2013,17:01:45.713,1639.75,1640,9,15
ESU13,09/01/2013,17:01:45.895,1639.75,1640,9,16
ESU13,09/01/2013,17:01:45.997,1639.75,1640,9,2
ESU13,09/01/2013,17:01:45.997,1639.75,1640,9,4
ESU13,09/01/2013,17:01:46.096,1639.75,1640,9,5
ESU13,09/01/2013,17:01:46.096,1639.75,1640,9,8
ESU13,09/01/2013,17:01:46.096,1639.75,1640,9,11
ESU13,09/01/2013,17:01:46.152,1639.75,1640,29,11
ESU13,09/01/2013,17:01:46.152,1639.75,1640,29,9
ESU13,09/01/2013,17:01:46.152,1639.75,1640,29,6
ESU13,09/01/2013,17:01:46.152,1639.75,1640,31,6
ESU13,09/01/2013,17:01:46.152,1639.75,1640,31,3
ESU13,09/01/2013,17:01:46.331,1639.75,1640,31,4
ESU13,09/01/2013,17:01:46.375,1639.75,1640,31,3
ESU13,09/01/2013,17:01:47.122,1639.75,1640,36,3
ESU13,09/01/2013,17:01:47.182,1639.75,1640,46,3
ESU13,09/01/2013,17:01:48.476,1639.75,1640,45,3
ESU13,09/01/2013,17:01:48.476,1639.75,1640,46,3
ESU13,09/01/2013,17:01:49.854,1639.75,1640,51,3
ESU13,09/01/2013,17:01:51.040,1639.75,1640,51,6
ESU13,09/01/2013,17:01:51.699,1639.75,1640,41,6
ESU13,09/01/2013,17:01:51.699,1639.75,1640,41,9
ESU13,09/01/2013,17:01:52.125,1639.75,1640,41,10
ESU13,09/01/2013,17:01:52.125,1639.75,1640,41,13
ESU13,09/01/2013,17:01:52.307,1639.75,1640,41,14
ESU13,09/01/2013,17:01:52.656,1639.75,1640,40,14
ESU13,09/01/2013,17:01:52.656,1639.75,1640,41,14
ESU13,09/01/2013,17:01:52.695,1639.75,1640,41,15
ESU13,09/01/2013,17:01:53.359,1639.75,1640,40,15
ESU13,09/01/2013,17:01:53.359,1639.75,1640,41,15
ESU13,09/01/2013,17:01:53.375,1639.75,1640,39,15
ESU13,09/01/2013,17:01:53.375,1639.75,1640,40,15
ESU13,09/01/2013,17:01:53.391,1639.75,1640,38,15
ESU13,09/01/2013,17:01:53.618,1639.75,1640,36,15
ESU13,09/01/2013,17:01:53.618,1639.75,1640,34,15
ESU13,09/01/2013,17:01:53.631,1639.75,1640,33,15
ESU13,09/01/2013,17:01:54.788,1639.75,1640,33,1
ESU13,09/01/2013,17:01:54.788,1639.75,1640,36,1
ESU13,09/01/2013,17:01:56.059,1639.75,1640,36,2
ESU13,09/01/2013,17:01:56.094,1639.75,1640,36,12
ESU13,09/01/2013,17:01:56.094,1639.75,1640,36,15
ESU13,09/01/2013,17:01:56.094,1639.75,1640,36,18
ESU13,09/01/2013,17:01:56.094,1639.75,1640,36,21
ESU13,09/01/2013,17:01:56.115,1639.75,1640,36,26
ESU13,09/01/2013,17:01:56.517,1639.75,1640,35,26
ESU13,09/01/2013,17:01:56.754,1639.75,1640,35,25
ESU13,09/01/2013,17:01:56.777,1639.75,1640,37,25
ESU13,09/01/2013,17:01:57.127,1639.75,1640,37,28
ESU13,09/01/2013,17:01:57.467,1639.75,1640,37,26
ESU13,09/01/2013,17:01:58.720,1639.75,1640,37,27
ESU13,09/01/2013,17:01:58.932,1639.75,1640,37,28
ESU13,09/01/2013,17:01:59.243,1639.75,1640,37,29
ESU13,09/01/2013,17:01:59.497,1639.75,1640,37,30
ESU13,09/01/2013,17:01:59.839,1639.75,1640,38,30
ESU13,09/01/2013,17:02:00.017,1639.75,1640,37,30
ESU13,09/01/2013,17:02:00.486,1639.75,1640,35,30
ESU13,09/01/2013,17:02:00.888,1639.75,1640,35,29
ESU13,09/01/2013,17:02:00.999,1639.75,1640,35,30
ESU13,09/01/2013,17:02:01.275,1639.75,1640,35,31
ESU13,09/01/2013,17:02:01.311,1639.75,1640,37,31
ESU13,09/01/2013,17:02:02.296,1639.75,1640,37,32
ESU13,09/01/2013,17:02:02.882,1639.75,1640,37,31
ESU13,09/01/2013,17:02:03.194,1639.75,1640,37,26
ESU13,09/01/2013,17:02:03.933,1639.75,1640,37,21
ESU13,09/01/2013,17:02:04.214,1639.75,1640,37,171
ESU13,09/01/2013,17:02:04.214,1639.75,1640,36,171
ESU13,09/01/2013,17:02:04.214,1639.75,1640,33,171
ESU13,09/01/2013,17:02:04.214,1639.75,1640,31,171
ESU13,09/01/2013,17:02:04.214,1639.75,1640,30,171
ESU13,09/01/2013,17:02:04.214,1639.75,1640,29,171
ESU13,09/01/2013,17:02:04.214,1639.75,1640,29,174
ESU13,09/01/2013,17:02:04.214,1639.75,1640,28,174
ESU13,09/01/2013,17:02:04.214,1639.5,1640,198,174
ESU13,09/01/2013,17:02:04.214,1639.5,1640,198,174
ESU13,09/01/2013,17:02:04.222,1639.5,1640,197,174
ESU13,09/01/2013,17:02:04.222,1639.5,1640,195,174
ESU13,09/01/2013,17:02:04.222,1639.5,1640,193,174
ESU13,09/01/2013,17:02:04.416,1639.5,1640,193,173
ESU13,09/01/2013,17:02:04.416,1639.5,1640,193,174
ESU13,09/01/2013,17:02:04.877,1639.5,1639.75,193,10
ESU13,09/01/2013,17:02:05.440,1639.5,1640,193,185
ESU13,09/01/2013,17:02:05.440,1639.5,1640,193,185
ESU13,09/01/2013,17:02:05.440,1639.5,1640,193,183
ESU13,09/01/2013,17:02:05.440,1639.5,1640,193,182
ESU13,09/01/2013,17:02:05.440,1639.5,1640,193,180
ESU13,09/01/2013,17:02:05.537,1639.5,1640,195,180
ESU13,09/01/2013,17:02:06.171,1639.5,1640,195,230
ESU13,09/01/2013,17:02:06.320,1639.75,1640,5,230
ESU13,09/01/2013,17:02:06.350,1639.75,1640,5,225
ESU13,09/01/2013,17:02:06.350,1639.75,1640,5,227
ESU13,09/01/2013,17:02:06.722,1639.75,1640,5,232
ESU13,09/01/2013,17:02:06.761,1639.75,1640,5,227
ESU13,09/01/2013,17:02:07.518,1639.5,1640,200,227
ESU13,09/01/2013,17:02:07.518,1639.5,1640,200,227
ESU13,09/01/2013,17:02:07.518,1639.5,1639.75,200,22
ESU13,09/01/2013,17:02:07.524,1639.5,1639.75,198,22
ESU13,09/01/2013,17:02:07.524,1639.5,1639.75,196,22
ESU13,09/01/2013,17:02:07.524,1639.5,1639.75,195,22
ESU13,09/01/2013,17:02:07.550,1639.5,1639.75,195,21
ESU13,09/01/2013,17:02:07.700,1639.5,1639.75,195,19
ESU13,09/01/2013,17:02:07.934,1639.5,1639.75,196,19
ESU13,09/01/2013,17:02:07.978,1639.5,1639.75,196,29
ESU13,09/01/2013,17:02:07.983,1639.5,1639.75,191,29
ESU13,09/01/2013,17:02:08.395,1639.5,1639.75,191,28
ESU13,09/01/2013,17:02:08.687,1639.5,1639.75,191,30
ESU13,09/01/2013,17:02:08.949,1639.5,1639.75,191,28
ESU13,09/01/2013,17:02:09.298,1639.5,1639.75,191,29
ESU13,09/01/2013,17:02:09.625,1639.5,1639.75,191,28
ESU13,09/01/2013,17:02:09.845,1639.5,1639.75,191,18
ESU13,09/01/2013,17:02:09.859,1639.5,1639.75,191,8
ESU13,09/01/2013,17:02:09.972,1639.5,1639.75,191,7
ESU13,09/01/2013,17:02:10.250,1639.5,1639.75,190,7
ESU13,09/01/2013,17:02:10.334,1639.5,1639.75,190,3
ESU13,09/01/2013,17:02:10.377,1639.5,1640,190,83
ESU13,09/01/2013,17:02:10.377,1639.5,1640,190,83
ESU13,09/01/2013,17:02:10.377,1639.5,1640,190,82
ESU13,09/01/2013,17:02:10.412,1639.5,1640,189,82
ESU13,09/01/2013,17:02:10.489,1639.5,1640,190,82
ESU13,09/01/2013,17:02:10.500,1639.5,1640,190,80
ESU13,09/01/2013,17:02:10.500,1639.5,1640,191,80
ESU13,09/01/2013,17:02:10.659,1639.75,1640,1,80
ESU13,09/01/2013,17:02:10.659,1639.75,1640,1,83
ESU13,09/01/2013,17:02:10.659,1639.75,1640,2,83
ESU13,09/01/2013,17:02:10.659,1639.75,1640,3,83
ESU13,09/01/2013,17:02:10.659,1639.75,1640,3,78
ESU13,09/01/2013,17:02:10.676,1639.75,1640,4,78
ESU13,09/01/2013,17:02:10.928,1639.75,1640,7,78
ESU13,09/01/2013,17:02:11.362,1639.5,1640,199,78
ESU13,09/01/2013,17:02:11.362,1639.5,1640,199,78
ESU13,09/01/2013,17:02:11.362,1639.5,1639.75,199,43
ESU13,09/01/2013,17:02:11.362,1639.5,1639.75,198,43
ESU13,09/01/2013,17:02:11.362,1639.5,1639.75,196,43
ESU13,09/01/2013,17:02:11.362,1639.5,1639.75,194,43
ESU13,09/01/2013,17:02:11.399,1639.5,1639.75,194,42
ESU13,09/01/2013,17:02:11.638,1639.5,1639.75,194,40
ESU13,09/01/2013,17:02:11.957,1639.5,1639.75,194,38
ESU13,09/01/2013,17:02:12.118,1639.5,1639.75,194,36
ESU13,09/01/2013,17:02:12.204,1639.5,1639.75,194,76
ESU13,09/01/2013,17:02:12.204,1639.5,1639.75,194,79
ESU13,09/01/2013,17:02:12.204,1639.5,1639.75,189,79
ESU13,09/01/2013,17:02:12.472,1639.5,1639.75,187,79
ESU13,09/01/2013,17:02:14.140,1639.5,1639.75,188,79
ESU13,09/01/2013,17:02:14.412,1639.5,1639.75,188,77
ESU13,09/01/2013,17:02:14.804,1639.5,1639.75,188,51
ESU13,09/01/2013,17:02:14.804,1639.5,1639.75,188,48
ESU13,09/01/2013,17:02:14.842,1639.5,1639.75,187,48
ESU13,09/01/2013,17:02:15.685,1639.5,1639.75,187,62
ESU13,09/01/2013,17:02:15.829,1639.5,1639.75,188,62
ESU13,09/01/2013,17:02:16.384,1639.5,1639.75,187,62
ESU13,09/01/2013,17:02:16.936,1639.5,1640,187,88
ESU13,09/01/2013,17:02:16.936,1639.5,1640,187,88
ESU13,09/01/2013,17:02:16.936,1639.5,1640,187,25
ESU13,09/01/2013,17:02:16.936,1639.5,1640,187,26
ESU13,09/01/2013,17:02:16.936,1639.5,1640,187,24
ESU13,09/01/2013,17:02:16.936,1639.5,1640,187,23
ESU13,09/01/2013,17:02:16.936,1639.5,1640,187,21
ESU13,09/01/2013,17:02:16.936,1639.5,1640,187,20
ESU13,09/01/2013,17:02:16.946,1639.75,1640,2,20
ESU13,09/01/2013,17:02:16.946,1639.75,1640,5,20
ESU13,09/01/2013,17:02:16.946,1639.75,1640,8,20
ESU13,09/01/2013,17:02:16.946,1639.75,1640,11,20
ESU13,09/01/2013,17:02:16.946,1639.75,1640,11,15
ESU13,09/01/2013,17:02:16.968,1639.75,1640,31,15
ESU13,09/01/2013,17:02:16.968,1639.75,1640,31,12
ESU13,09/01/2013,17:02:16.968,1639.75,1640,31,11
ESU13,09/01/2013,17:02:17.009,1639.75,1640,33,11
ESU13,09/01/2013,17:02:17.009,1639.75,1640,35,11
ESU13,09/01/2013,17:02:17.085,1639.75,1640,36,11
ESU13,09/01/2013,17:02:17.224,1639.75,1640,35,11
ESU13,09/01/2013,17:02:17.230,1639.75,1640,34,11
ESU13,09/01/2013,17:02:17.230,1639.75,1640,34,10
ESU13,09/01/2013,17:02:17.237,1639.75,1640,39,10
ESU13,09/01/2013,17:02:17.897,1639.75,1640,38,10
ESU13,09/01/2013,17:02:18.040,1639.75,1640,52,10
ESU13,09/01/2013,17:02:18.529,1639.75,1640,57,10
ESU13,09/01/2013,17:02:18.813,1639.75,1640,55,10
ESU13,09/01/2013,17:02:18.813,1639.75,1640,57,10
ESU13,09/01/2013,17:02:20.536,1639.75,1640,60,10
ESU13,09/01/2013,17:02:20.921,1639.75,1640,60,13
ESU13,09/01/2013,17:02:21.326,1639.75,1640,160,13
ESU13,09/01/2013,17:02:22.151,1639.75,1640,160,8
ESU13,09/01/2013,17:02:22.551,1639.75,1640,160,1
ESU13,09/01/2013,17:02:22.721,1639.75,1640,155,1
ESU13,09/01/2013,17:02:22.721,1639.75,1640,156,1
ESU13,09/01/2013,17:02:22.842,1640,1640,4,1
ESU13,09/01/2013,17:02:22.842,1640,1640.25,4,75
ESU13,09/01/2013,17:02:22.842,1640,1640.25,4,75
ESU13,09/01/2013,17:02:22.842,1640,1640.25,8,75
ESU13,09/01/2013,17:02:22.842,1640,1640.25,11,75
ESU13,09/01/2013,17:02:22.848,1640,1640.25,11,70
ESU13,09/01/2013,17:02:23.023,1640,1640.25,21,70
ESU13,09/01/2013,17:02:23.023,1640,1640.25,24,70
ESU13,09/01/2013,17:02:23.023,1640,1640.25,27,70
ESU13,09/01/2013,17:02:23.253,1640,1640.25,47,70
ESU13,09/01/2013,17:02:23.830,1640,1640.25,47,71
ESU13,09/01/2013,17:02:25.472,1640,1640.25,42,71
ESU13,09/01/2013,17:02:25.472,1640,1640.25,40,71
ESU13,09/01/2013,17:02:28.576,1640,1640.25,41,71
ESU13,09/01/2013,17:02:28.628,1640,1640.25,42,71
ESU13,09/01/2013,17:02:28.709,1640,1640.25,32,71
ESU13,09/01/2013,17:02:30.181,1640,1640.25,31,71
ESU13,09/01/2013,17:02:30.181,1640,1640.25,33,71
ESU13,09/01/2013,17:02:30.947,1640,1640.25,31,71
ESU13,09/01/2013,17:02:30.947,1640,1640.25,33,71
ESU13,09/01/2013,17:02:31.351,1640,1640.25,33,72
ESU13,09/01/2013,17:02:31.975,1640,1640.25,33,69
ESU13,09/01/2013,17:02:31.975,1640,1640.25,33,68
ESU13,09/01/2013,17:02:31.975,1640,1640.25,33,65
ESU13,09/01/2013,17:02:32.140,1640,1640.25,34,65
ESU13,09/01/2013,17:02:32.269,1640,1640.25,35,65
ESU13,09/01/2013,17:02:33.451,1640,1640.25,34,65
ESU13,09/01/2013,17:02:33.451,1640,1640.25,35,65
ESU13,09/01/2013,17:02:36.701,1640,1640.25,61,65
ESU13,09/01/2013,17:02:38.402,1640,1640.25,87,65
ESU13,09/01/2013,17:02:38.402,1640,1640.25,87,64
ESU13,09/01/2013,17:02:45.881,1640,1640.25,87,38
ESU13,09/01/2013,17:02:45.881,1640,1640.25,87,37
ESU13,09/01/2013,17:02:45.881,1640,1640.25,88,37
ESU13,09/01/2013,17:02:45.906,1640,1640.25,88,35
ESU13,09/01/2013,17:02:46.733,1640,1640.25,88,30
ESU13,09/01/2013,17:02:46.881,1640,1640.25,87,30
ESU13,09/01/2013,17:02:46.881,1640,1640.25,88,30
ESU13,09/01/2013,17:02:46.902,1640,1640.25,88,29
ESU13,09/01/2013,17:02:47.791,1640,1640.25,88,15
ESU13,09/01/2013,17:02:48.112,1640,1640.25,89,15
ESU13,09/01/2013,17:02:48.143,1640,1640.25,90,15
ESU13,09/01/2013,17:02:48.214,1640,1640.25,90,11
ESU13,09/01/2013,17:02:48.240,1640,1640.25,90,12
ESU13,09/01/2013,17:02:48.276,1640,1640.25,90,2
ESU13,09/01/2013,17:02:48.734,1640,1640.25,90,1
ESU13,09/01/2013,17:02:48.838,1640.25,1640.25,12,1
ESU13,09/01/2013,17:02:48.838,1640.25,1640.5,12,72
ESU13,09/01/2013,17:02:48.838,1640.25,1640.5,12,72
ESU13,09/01/2013,17:02:48.838,1640.25,1640.5,14,72
ESU13,09/01/2013,17:02:48.843,1640.25,1640.5,17,72
ESU13,09/01/2013,17:02:49.184,1640.25,1640.5,17,62
ESU13,09/01/2013,17:02:49.184,1640.25,1640.5,17,61
ESU13,09/01/2013,17:02:49.184,1640.25,1640.5,20,61
ESU13,09/01/2013,17:02:49.184,1640.25,1640.5,23,61
ESU13,09/01/2013,17:02:49.184,1640.25,1640.5,23,56
ESU13,09/01/2013,17:02:49.184,1640.25,1640.5,23,57
ESU13,09/01/2013,17:02:49.470,1640.25,1640.5,22,57
ESU13,09/01/2013,17:02:49.786,1640.25,1640.5,42,57
ESU13,09/01/2013,17:02:50.019,1640.25,1640.5,43,57
ESU13,09/01/2013,17:02:50.413,1640.25,1640.5,44,57
ESU13,09/01/2013,17:02:50.756,1640.25,1640.5,44,54
ESU13,09/01/2013,17:02:50.756,1640.25,1640.5,44,56
ESU13,09/01/2013,17:02:50.756,1640.25,1640.5,44,57
ESU13,09/01/2013,17:02:50.930,1640.25,1640.5,94,57
ESU13,09/01/2013,17:02:50.930,1640.25,1640.5,94,54
ESU13,09/01/2013,17:02:51.064,1640.25,1640.5,95,54
ESU13,09/01/2013,17:02:51.390,1640.25,1640.5,96,54
ESU13,09/01/2013,17:02:51.902,1640.25,1640.5,95,54
ESU13,09/01/2013,17:02:52.102,1640.25,1640.5,95,40
ESU13,09/01/2013,17:02:52.102,1640.25,1640.5,95,39
ESU13,09/01/2013,17:02:52.102,1640.25,1640.5,95,38
ESU13,09/01/2013,17:02:52.102,1640.25,1640.5,95,36
ESU13,09/01/2013,17:02:52.102,1640.25,1640.5,95,34
ESU13,09/01/2013,17:02:52.539,1640.25,1640.5,93,34
ESU13,09/01/2013,17:02:52.539,1640.25,1640.5,93,32
ESU13,09/01/2013,17:02:52.574,1640.25,1640.5,92,32
ESU13,09/01/2013,17:02:52.999,1640.25,1640.5,92,31
ESU13,09/01/2013,17:02:53.105,1640.25,1640.5,92,15
ESU13,09/01/2013,17:02:53.771,1640.25,1640.5,93,15
ESU13,09/01/2013,17:02:54.236,1640.25,1640.5,93,12
ESU13,09/01/2013,17:02:54.698,1640.25,1640.75,93,101
ESU13,09/01/2013,17:02:54.698,1640.25,1640.75,93,101
ESU13,09/01/2013,17:02:54.698,1640.25,1640.75,93,99
ESU13,09/01/2013,17:02:54.698,1640.25,1640.75,93,102
ESU13,09/01/2013,17:02:54.703,1640.25,1640.75,93,101
ESU13,09/01/2013,17:02:54.703,1640.25,1640.75,93,99
ESU13,09/01/2013,17:02:54.703,1640.25,1640.75,93,97
ESU13,09/01/2013,17:02:54.703,1640.25,1640.75,93,100
ESU13,09/01/2013,17:02:54.703,1640.25,1640.75,93,103
ESU13,09/01/2013,17:02:54.792,1640.25,1640.75,93,108
ESU13,09/01/2013,17:02:55.153,1640.5,1640.75,10,108
ESU13,09/01/2013,17:02:55.153,1640.5,1640.75,12,108
ESU13,09/01/2013,17:02:55.161,1640.5,1640.75,11,108
ESU13,09/01/2013,17:02:55.318,1640.5,1640.75,11,98
ESU13,09/01/2013,17:02:55.318,1640.5,1640.75,14,98
ESU13,09/01/2013,17:02:55.351,1640.5,1640.75,14,97
ESU13,09/01/2013,17:02:55.568,1640.5,1640.75,17,97
ESU13,09/01/2013,17:02:55.568,1640.5,1640.75,20,97
ESU13,09/01/2013,17:02:55.788,1640.5,1640.75,21,97
ESU13,09/01/2013,17:02:55.821,1640.5,1640.75,18,97
ESU13,09/01/2013,17:02:56.103,1640.5,1640.75,28,97
ESU13,09/01/2013,17:02:56.103,1640.5,1640.75,31,97
ESU13,09/01/2013,17:02:57.009,1640.5,1640.75,29,97
ESU13,09/01/2013,17:02:57.015,1640.5,1640.75,28,97
ESU13,09/01/2013,17:02:57.015,1640.5,1640.75,27,97
ESU13,09/01/2013,17:02:57.458,1640.25,1640.75,107,97
ESU13,09/01/2013,17:02:57.458,1640.25,1640.75,107,97
ESU13,09/01/2013,17:02:57.458,1640.25,1640.75,105,97
ESU13,09/01/2013,17:02:57.458,1640.25,1640.75,103,97
ESU13,09/01/2013,17:02:57.458,1640.25,1640.75,102,97
ESU13,09/01/2013,17:02:57.747,1640.25,1640.75,102,96
ESU13,09/01/2013,17:02:57.754,1640.25,1640.75,102,92
ESU13,09/01/2013,17:02:58.722,1640.25,1640.5,102,16
ESU13,09/01/2013,17:02:59.117,1640.25,1640.5,102,17
ESU13,09/01/2013,17:02:59.117,1640.25,1640.5,97,17
ESU13,09/01/2013,17:02:59.229,1640.25,1640.5,97,22
ESU13,09/01/2013,17:02:59.229,1640.25,1640.5,96,22
ESU13,09/01/2013,17:02:59.641,1640.25,1640.5,96,23
ESU13,09/01/2013,17:02:59.700,1640.25,1640.5,95,23
ESU13,09/01/2013,17:02:59.849,1640.25,1640.5,95,13
ESU13,09/01/2013,17:02:59.856,1640.25,1640.5,95,5
ESU13,09/01/2013,17:02:59.856,1640.25,1640.75,95,98
ESU13,09/01/2013,17:02:59.856,1640.25,1640.75,95,98
ESU13,09/01/2013,17:02:59.856,1640.25,1640.75,95,96
ESU13,09/01/2013,17:02:59.856,1640.25,1640.75,95,94
ESU13,09/01/2013,17:02:59.856,1640.25,1640.75,95,93
ESU13,09/01/2013,17:03:00.525,1640.25,1640.75,95,94
ESU13,09/01/2013,17:03:00.593,1640.25,1640.75,95,96
ESU13,09/01/2013,17:03:00.637,1640.25,1640.5,95,1
ESU13,09/01/2013,17:03:02.221,1640.25,1640.75,95,98
ESU13,09/01/2013,17:03:02.221,1640.25,1640.75,95,98
ESU13,09/01/2013,17:03:02.389,1640.25,1640.5,95,1
ESU13,09/01/2013,17:03:02.973,1640.25,1640.5,95,2
ESU13,09/01/2013,17:03:03.012,1640.25,1640.5,96,2
ESU13,09/01/2013,17:03:04.175,1640.25,1640.5,96,3
ESU13,09/01/2013,17:03:04.946,1640.25,1640.5,96,8
ESU13,09/01/2013,17:03:05.107,1640.25,1640.5,96,9
ESU13,09/01/2013,17:03:06.763,1640.25,1640.5,95,9
ESU13,09/01/2013,17:03:08.616,1640.25,1640.5,95,8
ESU13,09/01/2013,17:03:08.664,1640.25,1640.5,95,3
ESU13,09/01/2013,17:03:09.580,1640.25,1640.5,95,13
ESU13,09/01/2013,17:03:09.580,1640.25,1640.5,96,13
ESU13,09/01/2013,17:03:10.303,1640.5,1640.5,37,13
ESU13,09/01/2013,17:03:10.303,1640.5,1640.75,37,103
ESU13,09/01/2013,17:03:10.303,1640.5,1640.75,37,103
ESU13,09/01/2013,17:03:10.303,1640.5,1640.75,40,103
ESU13,09/01/2013,17:03:10.303,1640.5,1640.75,43,103
ESU13,09/01/2013,17:03:10.303,1640.5,1640.75,46,103
ESU13,09/01/2013,17:03:10.303,1640.5,1640.75,46,104
ESU13,09/01/2013,17:03:10.303,1640.5,1640.75,46,103
ESU13,09/01/2013,17:03:10.303,1640.5,1640.75,46,101
ESU13,09/01/2013,17:03:10.303,1640.5,1640.75,46,99
ESU13,09/01/2013,17:03:10.324,1640.5,1640.75,58,99
ESU13,09/01/2013,17:03:10.341,1640.5,1640.75,58,97
ESU13,09/01/2013,17:03:11.578,1640.5,1640.75,63,97
ESU13,09/01/2013,17:03:11.661,1640.5,1640.75,73,97
ESU13,09/01/2013,17:03:12.638,1640.5,1640.75,68,97
ESU13,09/01/2013,17:03:13.029,1640.5,1640.75,65,97
ESU13,09/01/2013,17:03:13.805,1640.5,1640.75,64,97
ESU13,09/01/2013,17:03:13.909,1640.5,1640.75,14,97
ESU13,09/01/2013,17:03:13.909,1640.25,1640.75,107,97
ESU13,09/01/2013,17:03:13.909,1640.25,1640.75,107,97
ESU13,09/01/2013,17:03:13.909,1640.25,1640.75,105,97
ESU13,09/01/2013,17:03:13.909,1640.25,1640.75,103,97
ESU13,09/01/2013,17:03:13.909,1640.25,1640.75,102,97
ESU13,09/01/2013,17:03:13.934,1640.25,1640.75,102,98
ESU13,09/01/2013,17:03:13.945,1640.25,1640.75,102,100
ESU13,09/01/2013,17:03:14.001,1640.25,1640.75,103,100
ESU13,09/01/2013,17:03:14.168,1640.25,1640.75,103,99
ESU13,09/01/2013,17:03:14.198,1640.25,1640.5,103,10
ESU13,09/01/2013,17:03:14.198,1640.25,1640.5,103,11
ESU13,09/01/2013,17:03:14.198,1640.25,1640.5,103,12
ESU13,09/01/2013,17:03:14.198,1640.25,1640.5,98,12
ESU13,09/01/2013,17:03:15.636,1640.25,1640.5,98,13
ESU13,09/01/2013,17:03:15.655,1640.25,1640.5,97,13
ESU13,09/01/2013,17:03:15.655,1640.25,1640.5,96,13
ESU13,09/01/2013,17:03:15.902,1640.25,1640.5,95,13
ESU13,09/01/2013,17:03:16.161,1640.25,1640.5,95,14
ESU13,09/01/2013,17:03:17.031,1640.25,1640.5,100,14
ESU13,09/01/2013,17:03:17.380,1640.25,1640.5,100,19
ESU13,09/01/2013,17:03:18.271,1640.25,1640.5,100,20
ESU13,09/01/2013,17:03:19.146,1640.25,1640.5,100,19
ESU13,09/01/2013,17:03:19.641,1640.25,1640.5,100,20
ESU13,09/01/2013,17:03:20.586,1640.25,1640.5,100,21
ESU13,09/01/2013,17:03:21.309,1640.25,1640.5,98,21
ESU13,09/01/2013,17:03:21.309,1640.25,1640.5,98,24
ESU13,09/01/2013,17:03:21.309,1640.25,1640.5,98,26
ESU13,09/01/2013,17:03:21.309,1640.25,1640.5,98,29
ESU13,09/01/2013,17:03:23.475,1640.25,1640.5,93,29
ESU13,09/01/2013,17:03:23.475,1640.25,1640.5,93,32
ESU13,09/01/2013,17:03:23.760,1640.25,1640.5,93,29
ESU13,09/01/2013,17:03:24.738,1640.25,1640.5,93,30
ESU13,09/01/2013,17:03:24.900,1640.25,1640.5,93,29
ESU13,09/01/2013,17:03:24.900,1640.25,1640.5,94,29
ESU13,09/01/2013,17:03:24.900,1640.25,1640.5,94,27
ESU13,09/01/2013,17:03:25.277,1640.25,1640.5,93,27
ESU13,09/01/2013,17:03:25.402,1640.25,1640.5,94,27
ESU13,09/01/2013,17:03:26.536,1640.25,1640.5,92,27
ESU13,09/01/2013,17:03:26.536,1640.25,1640.5,94,27
ESU13,09/01/2013,17:03:27.566,1640.25,1640.5,94,30
ESU13,09/01/2013,17:03:28.018,1640.25,1640.5,94,33
ESU13,09/01/2013,17:03:28.194,1640.25,1640.5,94,34
ESU13,09/01/2013,17:03:28.194,1640.25,1640.5,94,36
ESU13,09/01/2013,17:03:28.264,1640.25,1640.5,93,36
ESU13,09/01/2013,17:03:28.264,1640.25,1640.5,94,36
ESU13,09/01/2013,17:03:28.942,1640.25,1640.5,93,36
ESU13,09/01/2013,17:03:28.942,1640.25,1640.5,94,36
ESU13,09/01/2013,17:03:29.086,1640.25,1640.5,93,36
ESU13,09/01/2013,17:03:29.086,1640.25,1640.5,94,36
ESU13,09/01/2013,17:03:29.221,1640.25,1640.5,94,34
ESU13,09/01/2013,17:03:29.441,1640.25,1640.5,94,36
ESU13,09/01/2013,17:03:30.472,1640.25,1640.5,94,34
ESU13,09/01/2013,17:03:30.826,1640.25,1640.5,94,36
ESU13,09/01/2013,17:03:31.078,1640.25,1640.5,94,51
ESU13,09/01/2013,17:03:32.048,1640.25,1640.5,94,52
ESU13,09/01/2013,17:03:32.156,1640.25,1640.5,94,54
ESU13,09/01/2013,17:03:32.156,1640.25,1640.5,93,54
ESU13,09/01/2013,17:03:33.368,1640.25,1640.5,94,54
ESU13,09/01/2013,17:03:33.860,1640.25,1640.5,94,52
ESU13,09/01/2013,17:03:34.966,1640.25,1640.5,94,53
ESU13,09/01/2013,17:03:34.966,1640.25,1640.5,94,54
ESU13,09/01/2013,17:03:34.979,1640.25,1640.5,94,55
ESU13,09/01/2013,17:03:35.043,1640.25,1640.5,94,46
ESU13,09/01/2013,17:03:36.291,1640.25,1640.5,92,46
ESU13,09/01/2013,17:03:36.291,1640.25,1640.5,93,46
ESU13,09/01/2013,17:03:36.291,1640.25,1640.5,94,46
ESU13,09/01/2013,17:03:37.026,1640.25,1640.5,94,47
ESU13,09/01/2013,17:03:37.036,1640.25,1640.5,94,46
ESU13,09/01/2013,17:03:37.160,1640.25,1640.5,94,45
ESU13,09/01/2013,17:03:40.217,1640.25,1640.5,94,46
ESU13,09/01/2013,17:03:41.304,1640.25,1640.5,94,45
ESU13,09/01/2013,17:03:42.246,1640.25,1640.5,94,47
ESU13,09/01/2013,17:03:43.911,1640.25,1640.5,84,47
ESU13,09/01/2013,17:03:43.911,1640.25,1640.5,86,47
ESU13,09/01/2013,17:03:44.094,1640.25,1640.5,86,45
ESU13,09/01/2013,17:03:44.711,1640.25,1640.5,85,45
ESU13,09/01/2013,17:03:46.161,1640.25,1640.5,85,44
ESU13,09/01/2013,17:03:47.449,1640.25,1640.5,85,43
ESU13,09/01/2013,17:03:47.945,1640.25,1640.5,85,42
ESU13,09/01/2013,17:03:48.488,1640.25,1640.5,85,41
ESU13,09/01/2013,17:03:48.512,1640.5,1640.5,3,41
ESU13,09/01/2013,17:03:48.512,1640.5,1640.75,3,101
ESU13,09/01/2013,17:03:48.512,1640.5,1640.75,3,101
ESU13,09/01/2013,17:03:48.512,1640.25,1640.75,91,101
ESU13,09/01/2013,17:03:48.512,1640.25,1640.75,91,101
ESU13,09/01/2013,17:03:48.512,1640.25,1640.75,91,99
ESU13,09/01/2013,17:03:48.512,1640.25,1640.75,91,98
ESU13,09/01/2013,17:03:48.512,1640.25,1640.75,91,96
ESU13,09/01/2013,17:03:48.512,1640.5,1640.75,1,96
ESU13,09/01/2013,17:03:48.512,1640.5,1640.75,1,97
ESU13,09/01/2013,17:03:48.512,1640.5,1640.75,1,98
ESU13,09/01/2013,17:03:48.517,1640.25,1640.75,90,98
ESU13,09/01/2013,17:03:48.517,1640.25,1640.75,90,98
ESU13,09/01/2013,17:03:48.523,1640.25,1640.5,90,2
ESU13,09/01/2013,17:03:48.523,1640.25,1640.5,90,3
ESU13,09/01/2013,17:03:48.523,1640.25,1640.5,90,4
ESU13,09/01/2013,17:03:48.529,1640.25,1640.5,85,4
ESU13,09/01/2013,17:03:48.544,1640.25,1640.5,83,4
ESU13,09/01/2013,17:03:48.677,1640.25,1640.5,80,4
ESU13,09/01/2013,17:03:48.695,1640.25,1640.5,79,4
ESU13,09/01/2013,17:03:49.108,1640.5,1640.5,1,4
ESU13,09/01/2013,17:03:49.108,1640.5,1640.75,1,96
ESU13,09/01/2013,17:03:49.108,1640.5,1640.75,1,96
ESU13,09/01/2013,17:03:49.193,1640.5,1640.75,4,96
ESU13,09/01/2013,17:03:49.201,1640.5,1640.75,5,96
ESU13,09/01/2013,17:03:49.335,1640.5,1640.75,6,96
ESU13,09/01/2013,17:03:49.380,1640.5,1640.75,8,96
ESU13,09/01/2013,17:03:49.730,1640.5,1640.75,7,96
ESU13,09/01/2013,17:03:51.090,1640.25,1640.75,88,96
ESU13,09/01/2013,17:03:51.090,1640.25,1640.75,88,96
ESU13,09/01/2013,17:03:51.090,1640.25,1640.5,88,43
ESU13,09/01/2013,17:03:51.090,1640.25,1640.5,88,46
ESU13,09/01/2013,17:03:51.090,1640.25,1640.5,88,49
ESU13,09/01/2013,17:03:51.090,1640.25,1640.5,88,52
ESU13,09/01/2013,17:03:51.090,1640.25,1640.5,83,52
ESU13,09/01/2013,17:03:51.090,1640.25,1640.5,83,53
ESU13,09/01/2013,17:03:51.090,1640.25,1640.5,83,54
ESU13,09/01/2013,17:03:51.096,1640.25,1640.5,83,56
ESU13,09/01/2013,17:03:51.096,1640.25,1640.5,81,56
ESU13,09/01/2013,17:03:51.096,1640.25,1640.5,80,56
ESU13,09/01/2013,17:03:51.096,1640.25,1640.5,78,56
ESU13,09/01/2013,17:03:51.096,1640.25,1640.5,77,56
ESU13,09/01/2013,17:03:51.096,1640.25,1640.5,77,58
ESU13,09/01/2013,17:03:51.106,1640.25,1640.5,76,58
ESU13,09/01/2013,17:03:51.245,1640.25,1640.5,76,55
ESU13,09/01/2013,17:03:52.203,1640.25,1640.5,76,60
ESU13,09/01/2013,17:03:52.203,1640.25,1640.5,76,61
ESU13,09/01/2013,17:03:52.889,1640.25,1640.5,76,51
ESU13,09/01/2013,17:03:53.701,1640.25,1640.5,76,50
ESU13,09/01/2013,17:03:54.991,1640.25,1640.5,38,50
ESU13,09/01/2013,17:03:54.991,1640,1640.5,145,50
ESU13,09/01/2013,17:03:54.991,1640,1640.5,145,50
ESU13,09/01/2013,17:03:54.996,1640,1640.5,144,50
ESU13,09/01/2013,17:03:54.996,1640,1640.5,142,50
ESU13,09/01/2013,17:03:54.996,1640,1640.5,140,50
ESU13,09/01/2013,17:03:54.996,1640,1640.5,140,52
ESU13,09/01/2013,17:03:55.061,1640,1640.5,140,53
ESU13,09/01/2013,17:03:55.251,1640,1640.5,141,53
ESU13,09/01/2013,17:03:55.998,1640,1640.5,141,67
ESU13,09/01/2013,17:03:56.932,1640.25,1640.5,2,67
ESU13,09/01/2013,17:03:58.632,1640.25,1640.5,12,67
ESU13,09/01/2013,17:03:58.836,1640.25,1640.5,12,66
ESU13,09/01/2013,17:03:58.966,1640.25,1640.5,12,67
ESU13,09/01/2013,17:03:59.756,1640.25,1640.5,2,67
ESU13,09/01/2013,17:03:59.756,1640,1640.5,145,67
ESU13,09/01/2013,17:03:59.756,1640,1640.5,145,67
ESU13,09/01/2013,17:03:59.756,1640,1640.5,143,67
ESU13,09/01/2013,17:03:59.756,1640,1640.5,141,67
ESU13,09/01/2013,17:03:59.756,1640,1640.5,140,67
ESU13,09/01/2013,17:04:00.015,1640,1640.5,141,67
ESU13,09/01/2013,17:04:00.621,1640,1640.5,140,67
ESU13,09/01/2013,17:04:00.621,1640,1640.5,141,67
ESU13,09/01/2013,17:04:01.351,1640,1640.5,141,73
ESU13,09/01/2013,17:04:01.840,1640,1640.25,141,1
ESU13,09/01/2013,17:04:01.840,1640,1640.25,141,4
ESU13,09/01/2013,17:04:01.840,1640,1640.25,141,5
ESU13,09/01/2013,17:04:01.840,1640,1640.25,141,6
ESU13,09/01/2013,17:04:01.840,1640,1640.25,141,8
ESU13,09/01/2013,17:04:01.840,1640,1640.25,136,8
ESU13,09/01/2013,17:04:02.400,1640,1640.25,136,22
ESU13,09/01/2013,17:04:02.665,1640,1640.25,136,23
ESU13,09/01/2013,17:04:03.713,1640,1640.25,136,22
ESU13,09/01/2013,17:04:03.802,1640,1640.25,136,72
ESU13,09/01/2013,17:04:03.802,1640,1640.25,136,75
ESU13,09/01/2013,17:04:03.802,1640,1640.25,136,78
ESU13,09/01/2013,17:04:03.802,1640,1640.25,136,81
ESU13,09/01/2013,17:04:04.799,1640,1640.25,136,83
ESU13,09/01/2013,17:04:07.186,1640,1640.25,136,88
ESU13,09/01/2013,17:04:07.335,1640,1640.25,136,89
ESU13,09/01/2013,17:04:07.335,1640,1640.25,136,90
ESU13,09/01/2013,17:04:08.781,1640,1640.25,136,91
ESU13,09/01/2013,17:04:08.781,1640,1640.25,135,91
ESU13,09/01/2013,17:04:08.781,1640,1640.25,135,92
ESU13,09/01/2013,17:04:08.805,1640,1640.25,133,92
ESU13,09/01/2013,17:04:08.929,1640,1640.25,133,82
ESU13,09/01/2013,17:04:08.929,1640,1640.25,133,83
ESU13,09/01/2013,17:04:08.929,1640,1640.25,133,84
ESU13,09/01/2013,17:04:09.226,1640,1640.25,133,85
ESU13,09/01/2013,17:04:11.613,1640,1640.25,133,86
ESU13,09/01/2013,17:04:12.906,1640,1640.25,133,76
ESU13,09/01/2013,17:04:15.411,1640,1640.25,133,75
ESU13,09/01/2013,17:04:17.120,1640,1640.25,133,76
ESU13,09/01/2013,17:04:18.539,1640,1640.25,133,80
ESU13,09/01/2013,17:04:18.791,1640,1640.25,133,82
ESU13,09/01/2013,17:04:19.535,1640,1640.25,133,83
ESU13,09/01/2013,17:04:19.694,1640,1640.25,133,84
ESU13,09/01/2013,17:04:19.694,1640,1640.25,133,86
ESU13,09/01/2013,17:04:19.694,1640,1640.25,133,87
ESU13,09/01/2013,17:04:19.700,1640,1640.25,133,88
ESU13,09/01/2013,17:04:19.752,1640,1640.25,132,88
ESU13,09/01/2013,17:04:22.050,1640,1640.25,127,88
ESU13,09/01/2013,17:04:22.050,1640,1640.25,128,88
ESU13,09/01/2013,17:04:23.336,1640,1640.25,128,87
ESU13,09/01/2013,17:04:23.336,1640,1640.25,131,87
ESU13,09/01/2013,17:04:24.342,1640,1640.25,132,87
ESU13,09/01/2013,17:04:24.991,1640,1640.25,132,77
ESU13,09/01/2013,17:04:26.214,1640,1640.25,131,77
ESU13,09/01/2013,17:04:27.621,1640,1640.25,128,77
ESU13,09/01/2013,17:04:28.681,1640,1640.25,120,77
ESU13,09/01/2013,17:04:29.569,1640,1640.25,121,77
ESU13,09/01/2013,17:04:30.438,1640,1640.25,122,77
ESU13,09/01/2013,17:04:30.868,1640,1640.25,122,78
ESU13,09/01/2013,17:04:30.868,1640,1640.25,122,80
ESU13,09/01/2013,17:04:30.909,1640,1640.25,121,80
ESU13,09/01/2013,17:04:32.167,1640,1640.25,122,80
ESU13,09/01/2013,17:04:32.322,1640,1640.25,122,81
ESU13,09/01/2013,17:04:32.322,1640,1640.25,122,83
ESU13,09/01/2013,17:04:32.322,1640,1640.25,122,84
ESU13,09/01/2013,17:04:32.327,1640,1640.25,122,85
ESU13,09/01/2013,17:04:32.382,1640,1640.25,122,88
ESU13,09/01/2013,17:04:33.747,1640,1640.25,122,85
ESU13,09/01/2013,17:04:33.761,1640,1640.25,123,85
ESU13,09/01/2013,17:04:33.918,1640,1640.25,123,84
ESU13,09/01/2013,17:04:34.189,1640,1640.25,124,84
ESU13,09/01/2013,17:04:35.652,1640,1640.25,124,85
ESU13,09/01/2013,17:04:35.915,1640,1640.25,124,86
ESU13,09/01/2013,17:04:36.148,1640,1640.25,126,86
ESU13,09/01/2013,17:04:36.397,1640,1640.25,126,87
ESU13,09/01/2013,17:04:36.397,1640,1640.25,126,86
ESU13,09/01/2013,17:04:36.397,1640,1640.25,126,88
ESU13,09/01/2013,17:04:36.397,1640,1640.25,126,89
ESU13,09/01/2013,17:04:36.397,1640,1640.25,126,90
ESU13,09/01/2013,17:04:37.266,1640,1640.25,126,89
ESU13,09/01/2013,17:04:37.438,1640,1640.25,125,89
ESU13,09/01/2013,17:04:37.454,1640,1640.25,125,88
ESU13,09/01/2013,17:04:39.334,1640,1640.25,125,90
ESU13,09/01/2013,17:04:39.915,1640,1640.25,125,88
ESU13,09/01/2013,17:04:39.986,1640,1640.25,126,88
ESU13,09/01/2013,17:04:40.608,1640.25,1640.25,2,88
ESU13,09/01/2013,17:04:40.608,1640.25,1640.5,2,107
ESU13,09/01/2013,17:04:40.608,1640.25,1640.5,2,107
ESU13,09/01/2013,17:04:40.608,1640,1640.5,132,107
ESU13,09/01/2013,17:04:40.608,1640,1640.5,132,107
ESU13,09/01/2013,17:04:40.608,1640,1640.5,132,105
ESU13,09/01/2013,17:04:40.608,1640,1640.5,132,103
ESU13,09/01/2013,17:04:40.608,1640,1640.5,132,102
ESU13,09/01/2013,17:04:40.608,1640,1640.5,132,103
ESU13,09/01/2013,17:04:40.627,1640.25,1640.5,1,103
ESU13,09/01/2013,17:04:40.632,1640,1640.5,131,103
ESU13,09/01/2013,17:04:40.632,1640,1640.5,131,103
ESU13,09/01/2013,17:04:40.632,1640.25,1640.5,2,103
ESU13,09/01/2013,17:04:40.638,1640.25,1640.5,3,103
ESU13,09/01/2013,17:04:40.956,1640.25,1640.5,5,103
ESU13,09/01/2013,17:04:40.956,1640.25,1640.5,5,98
ESU13,09/01/2013,17:04:41.088,1640.25,1640.5,6,98
ESU13,09/01/2013,17:04:41.346,1640.25,1640.5,5,98
ESU13,09/01/2013,17:04:41.812,1640.25,1640.5,8,98
ESU13,09/01/2013,17:04:42.765,1640.25,1640.5,7,98
ESU13,09/01/2013,17:04:42.839,1640.25,1640.5,10,98
ESU13,09/01/2013,17:04:43.622,1640,1640.5,133,98
ESU13,09/01/2013,17:04:43.622,1640,1640.5,133,98
ESU13,09/01/2013,17:04:43.622,1640,1640.5,132,98
ESU13,09/01/2013,17:04:43.622,1640,1640.5,130,98
ESU13,09/01/2013,17:04:43.622,1640,1640.5,128,98
ESU13,09/01/2013,17:04:43.652,1640,1640.25,128,5
ESU13,09/01/2013,17:04:43.652,1640,1640.25,128,6
ESU13,09/01/2013,17:04:44.623,1640,1640.25,128,11
ESU13,09/01/2013,17:04:44.623,1640,1640.25,123,11
ESU13,09/01/2013,17:04:45.442,1640,1640.25,123,16
ESU13,09/01/2013,17:04:46.141,1640,1640.25,123,36
ESU13,09/01/2013,17:04:46.473,1640,1640.25,122,36
ESU13,09/01/2013,17:04:46.473,1640,1640.25,122,35
ESU13,09/01/2013,17:04:47.053,1640,1640.25,120,35
ESU13,09/01/2013,17:04:47.405,1640.25,1640.25,65,35
ESU13,09/01/2013,17:04:47.405,1640.25,1640.5,65,110
ESU13,09/01/2013,17:04:47.405,1640.25,1640.5,65,110
ESU13,09/01/2013,17:04:47.405,1640.25,1640.5,68,110
ESU13,09/01/2013,17:04:47.405,1640.25,1640.5,71,110
ESU13,09/01/2013,17:04:47.405,1640.25,1640.5,74,110
ESU13,09/01/2013,17:04:47.405,1640.25,1640.5,73,110
ESU13,09/01/2013,17:04:47.405,1640.25,1640.5,73,109
ESU13,09/01/2013,17:04:47.405,1640.25,1640.5,73,107
ESU13,09/01/2013,17:04:47.405,1640.25,1640.5,73,105
ESU13,09/01/2013,17:04:47.405,1640.25,1640.5,73,100
ESU13,09/01/2013,17:04:47.536,1640.25,1640.5,73,101
ESU13,09/01/2013,17:04:47.901,1640.25,1640.5,73,99
ESU13,09/01/2013,17:04:48.111,1640.25,1640.5,78,99
ESU13,09/01/2013,17:04:48.669,1640.25,1640.5,77,99
ESU13,09/01/2013,17:04:48.831,1640.25,1640.5,77,101
ESU13,09/01/2013,17:04:49.477,1640.25,1640.5,77,97
ESU13,09/01/2013,17:04:50.509,1640.25,1640.5,77,98
ESU13,09/01/2013,17:04:50.714,1640.25,1640.5,77,99
ESU13,09/01/2013,17:04:51.073,1640.25,1640.5,76,99
ESU13,09/01/2013,17:04:51.612,1640.25,1640.5,100,99
ESU13,09/01/2013,17:04:52.342,1640.25,1640.5,200,99
ESU13,09/01/2013,17:04:52.342,1640.25,1640.5,200,96
ESU13,09/01/2013,17:04:52.604,1640.25,1640.5,200,97
ESU13,09/01/2013,17:04:52.770,1640.25,1640.5,100,97
ESU13,09/01/2013,17:04:52.770,1640.25,1640.5,100,1
ESU13,09/01/2013,17:04:52.770,1640.25,1640.75,100,112
ESU13,09/01/2013,17:04:52.770,1640.25,1640.75,100,112
ESU13,09/01/2013,17:04:52.770,1640.25,1640.75,130,112
ESU13,09/01/2013,17:04:52.770,1640.25,1640.75,131,112
ESU13,09/01/2013,17:04:52.770,1640.25,1640.75,132,112
ESU13,09/01/2013,17:04:52.770,1640.25,1640.75,132,110
ESU13,09/01/2013,17:04:52.770,1640.25,1640.75,132,108
ESU13,09/01/2013,17:04:52.770,1640.25,1640.75,132,107
ESU13,09/01/2013,17:04:52.770,1640.25,1640.5,132,1
ESU13,09/01/2013,17:04:52.775,1640.25,1640.75,132,107
ESU13,09/01/2013,17:04:52.775,1640.25,1640.75,132,107
ESU13,09/01/2013,17:04:52.861,1640.25,1640.75,132,108
ESU13,09/01/2013,17:04:52.933,1640.25,1640.5,132,7
ESU13,09/01/2013,17:04:55.287,1640.5,1640.5,3,7
ESU13,09/01/2013,17:04:55.287,1640.5,1640.75,3,114
ESU13,09/01/2013,17:04:55.287,1640.5,1640.75,3,114
ESU13,09/01/2013,17:04:55.287,1640.25,1640.75,132,114
ESU13,09/01/2013,17:04:55.287,1640.25,1640.75,132,114
ESU13,09/01/2013,17:04:55.287,1640.25,1640.75,117,114
ESU13,09/01/2013,17:04:55.287,1640.25,1640.75,117,112
ESU13,09/01/2013,17:04:55.287,1640.25,1640.75,117,111
ESU13,09/01/2013,17:04:55.287,1640.25,1640.75,117,109
ESU13,09/01/2013,17:04:55.657,1640.5,1640.75,5,109
ESU13,09/01/2013,17:04:55.700,1640.5,1640.75,19,109
ESU13,09/01/2013,17:04:56.129,1640.5,1640.75,20,109
ESU13,09/01/2013,17:04:56.309,1640.5,1640.75,21,109
ESU13,09/01/2013,17:04:56.483,1640.5,1640.75,22,109
ESU13,09/01/2013,17:04:56.895,1640.5,1640.75,27,109
ESU13,09/01/2013,17:04:56.895,1640.5,1640.75,30,109
ESU13,09/01/2013,17:04:56.980,1640.5,1640.75,31,109
ESU13,09/01/2013,17:04:57.046,1640.5,1640.75,31,85
ESU13,09/01/2013,17:04:57.046,1640.5,1640.75,34,85
ESU13,09/01/2013,17:04:57.046,1640.5,1640.75,37,85
ESU13,09/01/2013,17:04:58.488,1640.5,1640.75,37,84
ESU13,09/01/2013,17:04:58.488,1640.5,1640.75,37,83
ESU13,09/01/2013,17:04:58.550,1640.5,1640.75,37,82
ESU13,09/01/2013,17:04:59.278,1640.5,1640.75,37,83
ESU13,09/01/2013,17:04:59.326,1640.5,1640.75,37,78
ESU13,09/01/2013,17:05:00.401,1640.5,1640.75,37,77
ESU13,09/01/2013,17:05:00.802,1640.5,1640.75,36,77
ESU13,09/01/2013,17:05:02.634,1640.5,1640.75,36,78
ESU13,09/01/2013,17:05:02.634,1640.5,1640.75,36,79
ESU13,09/01/2013,17:05:02.634,1640.5,1640.75,36,80
ESU13,09/01/2013,17:05:02.676,1640.5,1640.75,36,85
ESU13,09/01/2013,17:05:03.618,1640.5,1640.75,39,85
ESU13,09/01/2013,17:05:03.891,1640.5,1640.75,39,23
ESU13,09/01/2013,17:05:03.891,1640.5,1640.75,39,22
ESU13,09/01/2013,17:05:03.891,1640.5,1640.75,39,17
ESU13,09/01/2013,17:05:03.891,1640.5,1640.75,39,19
ESU13,09/01/2013,17:05:04.338,1640.5,1640.75,39,13
ESU13,09/01/2013,17:05:04.362,1640.5,1640.75,39,23
ESU13,09/01/2013,17:05:04.362,1640.5,1640.75,39,26
ESU13,09/01/2013,17:05:04.362,1640.5,1640.75,39,29
ESU13,09/01/2013,17:05:04.362,1640.5,1640.75,39,32
ESU13,09/01/2013,17:05:04.362,1640.5,1640.75,39,34
ESU13,09/01/2013,17:05:04.362,1640.5,1640.75,39,35
ESU13,09/01/2013,17:05:04.362,1640.5,1640.75,39,36
ESU13,09/01/2013,17:05:04.420,1640.5,1640.75,39,35
ESU13,09/01/2013,17:05:04.477,1640.5,1640.75,39,34
ESU13,09/01/2013,17:05:04.525,1640.5,1640.75,39,33
ESU13,09/01/2013,17:05:04.576,1640.5,1640.75,39,32
ESU13,09/01/2013,17:05:04.586,1640.5,1640.75,39,31
ESU13,09/01/2013,17:05:04.797,1640.5,1640.75,44,31
ESU13,09/01/2013,17:05:04.888,1640.5,1640.75,44,36
ESU13,09/01/2013,17:05:05.435,1640.5,1640.75,45,36
ESU13,09/01/2013,17:05:05.592,1640.5,1640.75,46,36
ESU13,09/01/2013,17:05:05.763,1640.5,1640.75,47,36
ESU13,09/01/2013,17:05:06.194,1640.5,1640.75,48,36
ESU13,09/01/2013,17:05:06.538,1640.5,1640.75,49,36
ESU13,09/01/2013,17:05:06.695,1640.5,1640.75,50,36
ESU13,09/01/2013,17:05:07.965,1640.5,1640.75,50,38
ESU13,09/01/2013,17:05:10.654,1640.5,1640.75,50,28
ESU13,09/01/2013,17:05:10.654,1640.5,1640.75,50,30
ESU13,09/01/2013,17:05:11.049,1640.5,1640.75,50,31
ESU13,09/01/2013,17:05:11.604,1640.5,1640.75,50,32
ESU13,09/01/2013,17:05:11.812,1640.5,1640.75,50,33
ESU13,09/01/2013,17:05:11.856,1640.5,1640.75,50,35
ESU13,09/01/2013,17:05:11.861,1640.5,1640.75,50,25
ESU13,09/01/2013,17:05:11.861,1640.5,1640.75,50,22
ESU13,09/01/2013,17:05:11.935,1640.5,1640.75,50,19
ESU13,09/01/2013,17:05:11.969,1640.5,1640.75,50,14
ESU13,09/01/2013,17:05:11.969,1640.5,1640.75,50,15
ESU13,09/01/2013,17:05:11.969,1640.5,1640.75,50,16
ESU13,09/01/2013,17:05:12.068,1640.5,1640.75,51,16
ESU13,09/01/2013,17:05:12.298,1640.5,1640.75,50,16
ESU13,09/01/2013,17:05:12.465,1640.5,1640.75,49,16
ESU13,09/01/2013,17:05:12.741,1640.5,1640.75,48,16
ESU13,09/01/2013,17:05:12.741,1640.5,1640.75,48,15
ESU13,09/01/2013,17:05:12.749,1640.5,1640.75,47,15
ESU13,09/01/2013,17:05:12.749,1640.5,1640.75,47,14
ESU13,09/01/2013,17:05:13.900,1640.5,1641,47,333
ESU13,09/01/2013,17:05:13.900,1640.5,1641,47,333
ESU13,09/01/2013,17:05:13.900,1640.5,1641,47,322
ESU13,09/01/2013,17:05:13.900,1640.75,1641,3,322
ESU13,09/01/2013,17:05:13.900,1640.75,1641,1,322
ESU13,09/01/2013,17:05:13.900,1640.75,1641,1,325
ESU13,09/01/2013,17:05:13.900,1640.75,1641,1,328
ESU13,09/01/2013,17:05:13.900,1640.75,1641,1,331
ESU13,09/01/2013,17:05:13.900,1640.75,1641,1,330
ESU13,09/01/2013,17:05:13.900,1640.75,1641,1,325
ESU13,09/01/2013,17:05:13.900,1640.75,1641,1,320
ESU13,09/01/2013,17:05:13.906,1640.5,1641,50,320
ESU13,09/01/2013,17:05:13.906,1640.5,1641,50,320
ESU13,09/01/2013,17:05:13.906,1640.5,1640.75,50,1
ESU13,09/01/2013,17:05:13.906,1640.5,1640.75,50,2
ESU13,09/01/2013,17:05:13.906,1640.5,1640.75,45,2
ESU13,09/01/2013,17:05:13.906,1640.5,1640.75,45,1
ESU13,09/01/2013,17:05:13.935,1640.5,1641,45,326
ESU13,09/01/2013,17:05:13.935,1640.5,1641,45,326
ESU13,09/01/2013,17:05:13.946,1640.5,1641,44,326
ESU13,09/01/2013,17:05:14.534,1640.5,1640.75,44,31
ESU13,09/01/2013,17:05:14.534,1640.5,1640.75,44,34
ESU13,09/01/2013,17:05:14.534,1640.5,1640.75,44,36
ESU13,09/01/2013,17:05:14.534,1640.5,1640.75,44,39
ESU13,09/01/2013,17:05:14.534,1640.5,1640.75,44,42
ESU13,09/01/2013,17:05:14.534,1640.5,1640.75,43,42
ESU13,09/01/2013,17:05:16.049,1640.5,1640.75,43,67
