Symbol,Date,Time,Price,Volume
ESU13,09/01/2013,17:00:00.083,1640.25,8
ESU13,09/01/2013,17:00:00.083,1640.25,1
ESU13,09/01/2013,17:00:00.083,1640.25,2
ESU13,09/01/2013,17:00:00.083,1640.25,1
ESU13,09/01/2013,17:00:00.083,1640.25,1
ESU13,09/01/2013,17:00:00.083,1640.25,12
ESU13,09/01/2013,17:00:00.083,1640.25,4
ESU13,09/01/2013,17:00:00.083,1640.25,4
ESU13,09/01/2013,17:00:00.083,1640.25,1
ESU13,09/01/2013,17:00:00.083,1640.25,1
ESU13,09/01/2013,17:00:00.083,1640.25,4
ESU13,09/01/2013,17:00:00.083,1640.25,1
ESU13,09/01/2013,17:00:00.083,1640.25,1
ESU13,09/01/2013,17:00:00.083,1640.25,7
ESU13,09/01/2013,17:00:00.083,1640.25,7
ESU13,09/01/2013,17:00:00.083,1640.25,1
ESU13,09/01/2013,17:00:00.083,1640.25,2
ESU13,09/01/2013,17:00:00.083,1640.25,1
ESU13,09/01/2013,17:00:00.101,1640.25,1
ESU13,09/01/2013,17:00:00.101,1640.25,1
ESU13,09/01/2013,17:00:00.101,1640.25,1
ESU13,09/01/2013,17:00:00.101,1640.25,1
ESU13,09/01/2013,17:00:00.101,1640.25,2
ESU13,09/01/2013,17:00:00.101,1640.25,1
ESU13,09/01/2013,17:00:00.101,1640.25,4
ESU13,09/01/2013,17:00:00.101,1640.25,1
ESU13,09/01/2013,17:00:00.101,1640.25,1
ESU13,09/01/2013,17:00:00.101,1640.25,3
ESU13,09/01/2013,17:00:00.101,1640.25,1
ESU13,09/01/2013,17:00:00.101,1640.25,1
ESU13,09/01/2013,17:00:00.101,1640.25,1
ESU13,09/01/2013,17:00:00.101,1640.25,10
ESU13,09/01/2013,17:00:00.101,1640.25,1
ESU13,09/01/2013,17:00:00.101,1640.25,1
ESU13,09/01/2013,17:00:00.101,1640.25,1
ESU13,09/01/2013,17:00:00.101,1640.25,2
ESU13,09/01/2013,17:00:00.101,1640.25,1
ESU13,09/01/2013,17:00:00.101,1640.25,3
ESU13,09/01/2013,17:00:00.101,1640.25,1
ESU13,09/01/2013,17:00:00.101,1640.25,4
ESU13,09/01/2013,17:00:00.101,1640.25,5
ESU13,09/01/2013,17:00:00.101,1640.25,10
ESU13,09/01/2013,17:00:00.101,1640.25,1
ESU13,09/01/2013,17:00:00.101,1640.25,2
ESU13,09/01/2013,17:00:00.101,1640.25,1
ESU13,09/01/2013,17:00:00.101,1640.25,1
ESU13,09/01/2013,17:00:00.101,1640.25,1
ESU13,09/01/2013,17:00:00.101,1640.25,3
ESU13,09/01/2013,17:00:00.101,1640.25,5
ESU13,09/01/2013,17:00:00.101,1640.25,2
ESU13,09/01/2013,17:00:00.101,1640.25,1
ESU13,09/01/2013,17:00:00.101,1640.25,1
ESU13,09/01/2013,17:00:00.101,1640.25,1
ESU13,09/01/2013,17:00:00.101,1640.25,1
ESU13,09/01/2013,17:00:00.101,1640.25,2
ESU13,09/01/2013,17:00:00.101,1640.25,2
ESU13,09/01/2013,17:00:00.101,1640.25,1
ESU13,09/01/2013,17:00:00.101,1640.25,1
ESU13,09/01/2013,17:00:00.101,1640.25,4
ESU13,09/01/2013,17:00:00.101,1640.25,1
ESU13,09/01/2013,17:00:00.101,1640.25,1
ESU13,09/01/2013,17:00:00.101,1640.25,1
ESU13,09/01/2013,17:00:00.101,1640.25,1
ESU13,09/01/2013,17:00:00.101,1640.25,6
ESU13,09/01/2013,17:00:00.101,1640.25,2
ESU13,09/01/2013,17:00:00.101,1640.25,2
ESU13,09/01/2013,17:00:00.101,1640.25,1
ESU13,09/01/2013,17:00:00.101,1640.25,2
ESU13,09/01/2013,17:00:00.101,1640.25,1
ESU13,09/01/2013,17:00:00.101,1640.25,1
ESU13,09/01/2013,17:00:00.101,1640.25,1
ESU13,09/01/2013,17:00:00.101,1640.25,1
ESU13,09/01/2013,17:00:00.101,1640.25,1
ESU13,09/01/2013,17:00:00.101,1640.25,1
ESU13,09/01/2013,17:00:00.101,1640.25,14
ESU13,09/01/2013,17:00:00.101,1640.25,8
ESU13,09/01/2013,17:00:00.101,1640.25,3
ESU13,09/01/2013,17:00:00.101,1640.25,1
ESU13,09/01/2013,17:00:00.101,1640.25,1
ESU13,09/01/2013,17:00:00.101,1640.25,1
ESU13,09/01/2013,17:00:00.101,1640.25,1
ESU13,09/01/2013,17:00:00.101,1640.25,1
ESU13,09/01/2013,17:00:00.101,1640.25,1
ESU13,09/01/2013,17:00:00.101,1640.25,1
ESU13,09/01/2013,17:00:00.101,1640.25,1
ESU13,09/01/2013,17:00:00.101,1640.25,1
ESU13,09/01/2013,17:00:00.101,1640.25,1
ESU13,09/01/2013,17:00:00.101,1640.25,2
ESU13,09/01/2013,17:00:00.101,1640.25,1
ESU13,09/01/2013,17:00:00.101,1640.25,1
ESU13,09/01/2013,17:00:00.101,1640.25,1
ESU13,09/01/2013,17:00:00.101,1640.25,1
ESU13,09/01/2013,17:00:00.101,1640.25,1
ESU13,09/01/2013,17:00:00.101,1640.25,2
ESU13,09/01/2013,17:00:00.101,1640.25,6
ESU13,09/01/2013,17:00:00.101,1640.25,4
ESU13,09/01/2013,17:00:00.101,1640.25,15
ESU13,09/01/2013,17:00:00.101,1640.25,1
ESU13,09/01/2013,17:00:00.101,1640.25,3
ESU13,09/01/2013,17:00:00.101,1640.25,1
ESU13,09/01/2013,17:00:00.101,1640.25,3
ESU13,09/01/2013,17:00:00.101,1640.25,1
ESU13,09/01/2013,17:00:00.101,1640.25,1
ESU13,09/01/2013,17:00:00.101,1640.25,5
ESU13,09/01/2013,17:00:00.101,1640.25,20
ESU13,09/01/2013,17:00:00.101,1640.25,1
ESU13,09/01/2013,17:00:00.101,1640.25,1
ESU13,09/01/2013,17:00:00.101,1640.25,1
ESU13,09/01/2013,17:00:00.101,1640.25,1
ESU13,09/01/2013,17:00:00.101,1640.25,5
ESU13,09/01/2013,17:00:00.101,1640.25,1
ESU13,09/01/2013,17:00:00.101,1640.25,1
ESU13,09/01/2013,17:00:00.101,1640.25,1
ESU13,09/01/2013,17:00:00.101,1640.25,1
ESU13,09/01/2013,17:00:00.101,1640.25,1
ESU13,09/01/2013,17:00:00.101,1640.25,1
ESU13,09/01/2013,17:00:00.101,1640.25,1
ESU13,09/01/2013,17:00:00.101,1640.25,1
ESU13,09/01/2013,17:00:00.101,1640.25,1
ESU13,09/01/2013,17:00:00.101,1640.25,1
ESU13,09/01/2013,17:00:00.101,1640.25,25
ESU13,09/01/2013,17:00:00.101,1640.25,1
ESU13,09/01/2013,17:00:00.101,1640.25,1
ESU13,09/01/2013,17:00:00.101,1640.25,1
ESU13,09/01/2013,17:00:00.101,1640.25,1
ESU13,09/01/2013,17:00:00.101,1640.25,1
ESU13,09/01/2013,17:00:00.101,1640.25,1
ESU13,09/01/2013,17:00:00.101,1640.25,1
ESU13,09/01/2013,17:00:00.101,1640.25,1
ESU13,09/01/2013,17:00:00.101,1640.25,1
ESU13,09/01/2013,17:00:00.101,1640.25,3
ESU13,09/01/2013,17:00:00.101,1640.25,44
ESU13,09/01/2013,17:00:00.101,1640.25,5
ESU13,09/01/2013,17:00:00.101,1640.25,1
ESU13,09/01/2013,17:00:00.101,1640.25,2
ESU13,09/01/2013,17:00:00.101,1640.25,10
ESU13,09/01/2013,17:00:00.101,1640.25,1
ESU13,09/01/2013,17:00:00.101,1640.25,2
ESU13,09/01/2013,17:00:00.101,1640.25,1
ESU13,09/01/2013,17:00:00.101,1640.25,1
ESU13,09/01/2013,17:00:00.101,1640.25,1
ESU13,09/01/2013,17:00:00.101,1640.25,2
ESU13,09/01/2013,17:00:00.101,1640.25,3
ESU13,09/01/2013,17:00:00.101,1640.25,1
ESU13,09/01/2013,17:00:00.101,1640.25,1
ESU13,09/01/2013,17:00:00.101,1640.25,2
ESU13,09/01/2013,17:00:00.101,1640.25,1
ESU13,09/01/2013,17:00:00.101,1640.25,1
ESU13,09/01/2013,17:00:00.101,1640.25,120
ESU13,09/01/2013,17:00:00.101,1640.25,1
ESU13,09/01/2013,17:00:00.101,1640.25,1
ESU13,09/01/2013,17:00:00.101,1640.25,1
ESU13,09/01/2013,17:00:00.101,1640.25,4
ESU13,09/01/2013,17:00:00.101,1640.25,1
ESU13,09/01/2013,17:00:00.101,1640.25,8
ESU13,09/01/2013,17:00:00.101,1640.25,2
ESU13,09/01/2013,17:00:00.101,1640.25,25
ESU13,09/01/2013,17:00:00.101,1640.25,3
ESU13,09/01/2013,17:00:00.101,1640.25,1
ESU13,09/01/2013,17:00:00.101,1640.25,10
ESU13,09/01/2013,17:00:00.101,1640.25,1
ESU13,09/01/2013,17:00:00.101,1640.25,1
ESU13,09/01/2013,17:00:00.101,1640.25,1
ESU13,09/01/2013,17:00:00.101,1640.25,5
ESU13,09/01/2013,17:00:00.101,1640.25,1
ESU13,09/01/2013,17:00:00.101,1640.25,1
ESU13,09/01/2013,17:00:00.101,1640.25,10
ESU13,09/01/2013,17:00:00.101,1640.25,1
ESU13,09/01/2013,17:00:00.101,1640.25,1
ESU13,09/01/2013,17:00:00.101,1640.25,1
ESU13,09/01/2013,17:00:00.101,1640.25,20
ESU13,09/01/2013,17:00:00.101,1640.25,5
ESU13,09/01/2013,17:00:00.101,1640.25,1
ESU13,09/01/2013,17:00:00.101,1640.25,1
ESU13,09/01/2013,17:00:00.101,1640.25,1
ESU13,09/01/2013,17:00:00.101,1640.25,1
ESU13,09/01/2013,17:00:00.101,1640.25,1
ESU13,09/01/2013,17:00:00.101,1640.25,1
ESU13,09/01/2013,17:00:00.101,1640.25,8
ESU13,09/01/2013,17:00:00.101,1640.25,20
ESU13,09/01/2013,17:00:00.101,1640.25,5
ESU13,09/01/2013,17:00:00.101,1640.25,5
ESU13,09/01/2013,17:00:00.101,1640.25,5
ESU13,09/01/2013,17:00:00.101,1640.25,2
ESU13,09/01/2013,17:00:00.101,1640.25,1
ESU13,09/01/2013,17:00:00.101,1640.25,1
ESU13,09/01/2013,17:00:00.101,1640.25,5
ESU13,09/01/2013,17:00:00.101,1640.25,1
ESU13,09/01/2013,17:00:00.101,1640.25,1
ESU13,09/01/2013,17:00:00.101,1640.25,14
ESU13,09/01/2013,17:00:00.101,1640.25,20
ESU13,09/01/2013,17:00:00.101,1640.25,3
ESU13,09/01/2013,17:00:00.101,1640.25,1
ESU13,09/01/2013,17:00:00.101,1640.25,20
ESU13,09/01/2013,17:00:00.101,1640.25,2
ESU13,09/01/2013,17:00:00.101,1640.25,1
ESU13,09/01/2013,17:00:00.101,1640.25,1
ESU13,09/01/2013,17:00:00.101,1640.25,10
ESU13,09/01/2013,17:00:00.101,1640.25,1
ESU13,09/01/2013,17:00:00.101,1640.25,2
ESU13,09/01/2013,17:00:00.101,1640.25,5
ESU13,09/01/2013,17:00:00.101,1640.25,5
ESU13,09/01/2013,17:00:00.101,1640.25,20
ESU13,09/01/2013,17:00:00.101,1640.25,1
ESU13,09/01/2013,17:00:00.101,1640.25,20
ESU13,09/01/2013,17:00:00.101,1640.25,3
ESU13,09/01/2013,17:00:00.101,1640.25,3
ESU13,09/01/2013,17:00:00.101,1640.25,1
ESU13,09/01/2013,17:00:00.101,1640.25,1
ESU13,09/01/2013,17:00:00.101,1640.25,1
ESU13,09/01/2013,17:00:00.101,1640.25,1
ESU13,09/01/2013,17:00:00.101,1640.25,5
ESU13,09/01/2013,17:00:00.101,1640.25,5
ESU13,09/01/2013,17:00:00.101,1640.25,1
ESU13,09/01/2013,17:00:00.101,1640.25,1
ESU13,09/01/2013,17:00:00.101,1640.25,2
ESU13,09/01/2013,17:00:00.101,1640.25,1
ESU13,09/01/2013,17:00:00.101,1640.25,1
ESU13,09/01/2013,17:00:00.101,1640.25,2
ESU13,09/01/2013,17:00:00.101,1640.25,1
ESU13,09/01/2013,17:00:00.101,1640.25,25
ESU13,09/01/2013,17:00:00.101,1640.25,5
ESU13,09/01/2013,17:00:00.101,1640.25,68
ESU13,09/01/2013,17:00:00.101,1640.25,10
ESU13,09/01/2013,17:00:00.101,1640.25,9
ESU13,09/01/2013,17:00:00.101,1640.25,95
ESU13,09/01/2013,17:00:00.101,1640.25,5
ESU13,09/01/2013,17:00:00.101,1640.25,1
ESU13,09/01/2013,17:00:00.101,1640.25,2
ESU13,09/01/2013,17:00:00.101,1640.25,1
ESU13,09/01/2013,17:00:00.101,1640.25,5
ESU13,09/01/2013,17:00:00.101,1640.25,1
ESU13,09/01/2013,17:00:00.101,1640.25,1
ESU13,09/01/2013,17:00:00.101,1640.25,1
ESU13,09/01/2013,17:00:00.101,1640.25,110
ESU13,09/01/2013,17:00:00.101,1640.25,5
ESU13,09/01/2013,17:00:00.101,1640.25,5
ESU13,09/01/2013,17:00:00.101,1640.25,1
ESU13,09/01/2013,17:00:00.101,1640.25,1
ESU13,09/01/2013,17:00:00.101,1640.25,95
ESU13,09/01/2013,17:00:00.101,1640.25,1
ESU13,09/01/2013,17:00:00.101,1640.25,1
ESU13,09/01/2013,17:00:00.101,1640.25,1
ESU13,09/01/2013,17:00:00.101,1640.25,10
ESU13,09/01/2013,17:00:00.101,1640.25,95
ESU13,09/01/2013,17:00:00.101,1640.25,1
ESU13,09/01/2013,17:00:00.101,1640.25,1
ESU13,09/01/2013,17:00:00.101,1640.25,1
ESU13,09/01/2013,17:00:00.101,1640.25,1
ESU13,09/01/2013,17:00:00.101,1640.25,1
ESU13,09/01/2013,17:00:00.101,1640.25,2
ESU13,09/01/2013,17:00:00.101,1640.25,8
ESU13,09/01/2013,17:00:00.101,1640.25,2
ESU13,09/01/2013,17:00:00.101,1640.25,8
ESU13,09/01/2013,17:00:00.101,1640.25,2
ESU13,09/01/2013,17:00:00.101,1640.25,3
ESU13,09/01/2013,17:00:00.101,1640.25,2
ESU13,09/01/2013,17:00:00.101,1640.25,1
ESU13,09/01/2013,17:00:00.101,1640,1
ESU13,09/01/2013,17:00:00.101,1640,1
ESU13,09/01/2013,17:00:00.101,1640,1
ESU13,09/01/2013,17:00:00.101,1640.25,2
ESU13,09/01/2013,17:00:00.101,1640.25,2
ESU13,09/01/2013,17:00:00.107,1640.25,1
ESU13,09/01/2013,17:00:00.107,1640,1
ESU13,09/01/2013,17:00:00.107,1640,3
ESU13,09/01/2013,17:00:00.112,1640,1
ESU13,09/01/2013,17:00:00.121,1640,1
ESU13,09/01/2013,17:00:00.127,1640.25,1
ESU13,09/01/2013,17:00:00.135,1640,2
ESU13,09/01/2013,17:00:00.135,1639.75,3
ESU13,09/01/2013,17:00:00.150,1639.75,2
ESU13,09/01/2013,17:00:00.155,1639.75,1
ESU13,09/01/2013,17:00:00.155,1639.75,1
ESU13,09/01/2013,17:00:00.155,1639.75,2
ESU13,09/01/2013,17:00:00.155,1639.75,1
ESU13,09/01/2013,17:00:00.155,1639.75,1
ESU13,09/01/2013,17:00:00.155,1639.75,2
ESU13,09/01/2013,17:00:00.161,1639.75,1
ESU13,09/01/2013,17:00:00.161,1639.75,1
ESU13,09/01/2013,17:00:00.161,1640,1
ESU13,09/01/2013,17:00:00.161,1640,3
ESU13,09/01/2013,17:00:00.161,1640,1
ESU13,09/01/2013,17:00:00.166,1639.75,1
ESU13,09/01/2013,17:00:00.171,1639.75,1
ESU13,09/01/2013,17:00:00.177,1640,1
ESU13,09/01/2013,17:00:00.177,1639.75,2
ESU13,09/01/2013,17:00:00.177,1639.75,1
ESU13,09/01/2013,17:00:00.177,1639.75,1
ESU13,09/01/2013,17:00:00.182,1639.75,1
ESU13,09/01/2013,17:00:00.182,1640,3
ESU13,09/01/2013,17:00:00.182,1640,10
ESU13,09/01/2013,17:00:00.187,1639.75,2
ESU13,09/01/2013,17:00:00.187,1639.75,1
ESU13,09/01/2013,17:00:00.187,1639.75,1
ESU13,09/01/2013,17:00:00.187,1639.75,1
ESU13,09/01/2013,17:00:00.187,1639.5,1
ESU13,09/01/2013,17:00:00.191,1640,1
ESU13,09/01/2013,17:00:00.202,1639.5,1
ESU13,09/01/2013,17:00:00.202,1639.5,1
ESU13,09/01/2013,17:00:00.202,1639.5,1
ESU13,09/01/2013,17:00:00.207,1639.5,1
ESU13,09/01/2013,17:00:00.215,1640,1
ESU13,09/01/2013,17:00:00.215,1639.5,6
ESU13,09/01/2013,17:00:00.215,1639.5,19
ESU13,09/01/2013,17:00:00.215,1640,1
ESU13,09/01/2013,17:00:00.222,1639.5,6
ESU13,09/01/2013,17:00:00.230,1639.5,1
ESU13,09/01/2013,17:00:00.230,1640,1
ESU13,09/01/2013,17:00:00.230,1640,1
ESU13,09/01/2013,17:00:00.230,1640,1
ESU13,09/01/2013,17:00:00.230,1640,4
ESU13,09/01/2013,17:00:00.230,1640,2
ESU13,09/01/2013,17:00:00.235,1640,2
ESU13,09/01/2013,17:00:00.235,1640,2
ESU13,09/01/2013,17:00:00.235,1640,1
ESU13,09/01/2013,17:00:00.235,1640,4
ESU13,09/01/2013,17:00:00.235,1640.25,2
ESU13,09/01/2013,17:00:00.235,1640.25,5
ESU13,09/01/2013,17:00:00.235,1640.25,1
ESU13,09/01/2013,17:00:00.235,1640.25,2
ESU13,09/01/2013,17:00:00.235,1640.5,1
ESU13,09/01/2013,17:00:00.235,1640.5,10
ESU13,09/01/2013,17:00:00.235,1640.5,27
ESU13,09/01/2013,17:00:00.241,1640.5,1
ESU13,09/01/2013,17:00:00.241,1640.5,1
ESU13,09/01/2013,17:00:00.241,1640.5,4
ESU13,09/01/2013,17:00:00.241,1640.5,3
ESU13,09/01/2013,17:00:00.241,1640.5,15
ESU13,09/01/2013,17:00:00.241,1640.5,4
ESU13,09/01/2013,17:00:00.241,1640.5,1
ESU13,09/01/2013,17:00:00.247,1640.5,1
ESU13,09/01/2013,17:00:00.247,1640.5,1
ESU13,09/01/2013,17:00:00.253,1640.5,4
ESU13,09/01/2013,17:00:00.253,1640.5,1
ESU13,09/01/2013,17:00:00.253,1640.5,1
ESU13,09/01/2013,17:00:00.284,1640.5,3
ESU13,09/01/2013,17:00:00.291,1640.5,1
ESU13,09/01/2013,17:00:00.302,1640,1
ESU13,09/01/2013,17:00:00.302,1640.5,29
ESU13,09/01/2013,17:00:00.302,1640.5,1
ESU13,09/01/2013,17:00:00.302,1640.5,2
ESU13,09/01/2013,17:00:00.302,1640.5,1
ESU13,09/01/2013,17:00:00.302,1640.5,5
ESU13,09/01/2013,17:00:00.302,1640.5,5
ESU13,09/01/2013,17:00:00.302,1640.5,5
ESU13,09/01/2013,17:00:00.302,1640.5,1
ESU13,09/01/2013,17:00:00.302,1640.5,2
ESU13,09/01/2013,17:00:00.308,1639.5,2
ESU13,09/01/2013,17:00:00.308,1640.5,2
ESU13,09/01/2013,17:00:00.319,1640.5,1
ESU13,09/01/2013,17:00:00.319,1640.75,1
ESU13,09/01/2013,17:00:00.319,1640.75,1
ESU13,09/01/2013,17:00:00.319,1640.75,1
ESU13,09/01/2013,17:00:00.319,1640.75,1
ESU13,09/01/2013,17:00:00.319,1640.75,1
ESU13,09/01/2013,17:00:00.319,1640.75,1
ESU13,09/01/2013,17:00:00.319,1640.75,2
ESU13,09/01/2013,17:00:00.319,1640.75,4
ESU13,09/01/2013,17:00:00.319,1640.75,4
ESU13,09/01/2013,17:00:00.319,1640.75,1
ESU13,09/01/2013,17:00:00.329,1639.5,2
ESU13,09/01/2013,17:00:00.329,1639.5,1
ESU13,09/01/2013,17:00:00.352,1639.5,1
ESU13,09/01/2013,17:00:00.368,1640.75,1
ESU13,09/01/2013,17:00:00.368,1639.25,1
ESU13,09/01/2013,17:00:00.376,1639.25,1
ESU13,09/01/2013,17:00:00.376,1640.75,1
ESU13,09/01/2013,17:00:00.382,1640.75,1
ESU13,09/01/2013,17:00:00.404,1639.25,10
ESU13,09/01/2013,17:00:00.418,1640.75,1
ESU13,09/01/2013,17:00:00.430,1639.25,3
ESU13,09/01/2013,17:00:00.430,1640.75,1
ESU13,09/01/2013,17:00:00.430,1640.75,1
ESU13,09/01/2013,17:00:00.438,1640.75,4
ESU13,09/01/2013,17:00:00.453,1639.25,5
ESU13,09/01/2013,17:00:00.453,1639.25,2
ESU13,09/01/2013,17:00:00.453,1639.25,8
ESU13,09/01/2013,17:00:00.473,1640.75,8
ESU13,09/01/2013,17:00:00.473,1640.75,1
ESU13,09/01/2013,17:00:00.473,1640.75,1
ESU13,09/01/2013,17:00:00.473,1640.75,40
ESU13,09/01/2013,17:00:00.489,1640.75,1
ESU13,09/01/2013,17:00:00.670,1639.5,1
ESU13,09/01/2013,17:00:00.853,1639.25,5
ESU13,09/01/2013,17:00:00.853,1639.25,1
ESU13,09/01/2013,17:00:00.853,1639.25,5
ESU13,09/01/2013,17:00:00.859,1639.25,5
ESU13,09/01/2013,17:00:00.892,1639.5,5
ESU13,09/01/2013,17:00:00.925,1639.5,1
ESU13,09/01/2013,17:00:00.925,1639.5,1
ESU13,09/01/2013,17:00:00.925,1639.5,1
ESU13,09/01/2013,17:00:00.925,1639.5,2
ESU13,09/01/2013,17:00:00.925,1639.75,2
ESU13,09/01/2013,17:00:00.925,1640.25,1
ESU13,09/01/2013,17:00:00.969,1640.75,1
ESU13,09/01/2013,17:00:01.111,1640.25,1
ESU13,09/01/2013,17:00:01.111,1640.25,1
ESU13,09/01/2013,17:00:01.132,1640.5,2
ESU13,09/01/2013,17:00:01.148,1640.5,2
ESU13,09/01/2013,17:00:01.192,1640.25,1
ESU13,09/01/2013,17:00:01.192,1640.25,1
ESU13,09/01/2013,17:00:01.192,1640,1
ESU13,09/01/2013,17:00:01.212,1639.75,1
ESU13,09/01/2013,17:00:01.212,1640.25,1
ESU13,09/01/2013,17:00:01.243,1640.5,1
ESU13,09/01/2013,17:00:01.243,1640.75,1
ESU13,09/01/2013,17:00:01.249,1640,1
ESU13,09/01/2013,17:00:01.288,1640.25,1
ESU13,09/01/2013,17:00:01.461,1640.75,2
ESU13,09/01/2013,17:00:01.474,1640.75,5
ESU13,09/01/2013,17:00:01.474,1640.75,5
ESU13,09/01/2013,17:00:01.517,1640.75,5
ESU13,09/01/2013,17:00:01.517,1640.75,1
ESU13,09/01/2013,17:00:01.517,1640.75,5
ESU13,09/01/2013,17:00:01.517,1640.75,10
ESU13,09/01/2013,17:00:01.517,1640.75,1
ESU13,09/01/2013,17:00:01.517,1641,8
ESU13,09/01/2013,17:00:01.517,1641,2
ESU13,09/01/2013,17:00:01.517,1641,6
ESU13,09/01/2013,17:00:01.621,1641,4
ESU13,09/01/2013,17:00:01.621,1641,1
ESU13,09/01/2013,17:00:01.621,1641,1
ESU13,09/01/2013,17:00:01.621,1641,1
ESU13,09/01/2013,17:00:01.621,1641,1
ESU13,09/01/2013,17:00:01.621,1641,1
ESU13,09/01/2013,17:00:01.621,1641,1
ESU13,09/01/2013,17:00:01.621,1641,2
ESU13,09/01/2013,17:00:01.621,1641,1
ESU13,09/01/2013,17:00:01.621,1641,3
ESU13,09/01/2013,17:00:01.621,1641,20
ESU13,09/01/2013,17:00:01.621,1641,1
ESU13,09/01/2013,17:00:01.621,1641,4
ESU13,09/01/2013,17:00:01.621,1641,1
ESU13,09/01/2013,17:00:01.621,1641,1
ESU13,09/01/2013,17:00:01.621,1641,5
ESU13,09/01/2013,17:00:01.621,1641,1
ESU13,09/01/2013,17:00:01.621,1641,1
ESU13,09/01/2013,17:00:01.690,1641,3
ESU13,09/01/2013,17:00:01.715,1640.25,1
ESU13,09/01/2013,17:00:01.715,1640,1
ESU13,09/01/2013,17:00:01.730,1639.75,3
ESU13,09/01/2013,17:00:01.803,1639.75,2
ESU13,09/01/2013,17:00:01.803,1639.75,3
ESU13,09/01/2013,17:00:01.914,1640.25,1
ESU13,09/01/2013,17:00:02.000,1640,3
ESU13,09/01/2013,17:00:02.007,1640,2
ESU13,09/01/2013,17:00:02.007,1640,1
ESU13,09/01/2013,17:00:02.184,1640.25,1
ESU13,09/01/2013,17:00:02.227,1640.25,1
ESU13,09/01/2013,17:00:02.227,1640.75,2
ESU13,09/01/2013,17:00:02.255,1640.75,2
ESU13,09/01/2013,17:00:02.295,1640.75,1
ESU13,09/01/2013,17:00:02.444,1640.75,1
ESU13,09/01/2013,17:00:02.550,1640.5,3
ESU13,09/01/2013,17:00:02.550,1640.25,2
ESU13,09/01/2013,17:00:02.556,1640.75,1
ESU13,09/01/2013,17:00:02.730,1640.5,2
ESU13,09/01/2013,17:00:02.730,1640.75,23
ESU13,09/01/2013,17:00:02.789,1640.75,4
ESU13,09/01/2013,17:00:03.421,1640.5,1
ESU13,09/01/2013,17:00:03.421,1640.5,1
ESU13,09/01/2013,17:00:03.421,1640.5,1
ESU13,09/01/2013,17:00:03.444,1640.75,3
ESU13,09/01/2013,17:00:03.681,1640.25,9
ESU13,09/01/2013,17:00:03.749,1640.25,1
ESU13,09/01/2013,17:00:03.756,1640.25,15
ESU13,09/01/2013,17:00:03.756,1640.25,50
ESU13,09/01/2013,17:00:03.756,1640,1
ESU13,09/01/2013,17:00:03.756,1640,5
ESU13,09/01/2013,17:00:03.756,1640,5
ESU13,09/01/2013,17:00:03.756,1640,3
ESU13,09/01/2013,17:00:03.756,1640,15
ESU13,09/01/2013,17:00:03.890,1640,1
ESU13,09/01/2013,17:00:03.898,1640,10
ESU13,09/01/2013,17:00:03.904,1639.75,3
ESU13,09/01/2013,17:00:03.915,1639.75,3
ESU13,09/01/2013,17:00:03.915,1640,1
ESU13,09/01/2013,17:00:04.011,1640,5
ESU13,09/01/2013,17:00:04.337,1639.75,1
ESU13,09/01/2013,17:00:04.365,1639.75,10
ESU13,09/01/2013,17:00:04.365,1639.75,3
ESU13,09/01/2013,17:00:04.365,1639.75,3
ESU13,09/01/2013,17:00:04.365,1639.75,1
ESU13,09/01/2013,17:00:04.365,1639.75,2
ESU13,09/01/2013,17:00:04.365,1639.75,5
ESU13,09/01/2013,17:00:04.605,1639.75,1
ESU13,09/01/2013,17:00:04.605,1640,24
ESU13,09/01/2013,17:00:05.156,1640,2
ESU13,09/01/2013,17:00:05.312,1639.5,1
ESU13,09/01/2013,17:00:05.312,1639.5,2
ESU13,09/01/2013,17:00:05.320,1639.5,1
ESU13,09/01/2013,17:00:05.320,1639.5,2
ESU13,09/01/2013,17:00:05.379,1639.75,2
ESU13,09/01/2013,17:00:05.417,1639.75,2
ESU13,09/01/2013,17:00:05.422,1639.5,1
ESU13,09/01/2013,17:00:05.756,1639.75,1
ESU13,09/01/2013,17:00:05.804,1639.75,45
ESU13,09/01/2013,17:00:05.804,1639.75,5
ESU13,09/01/2013,17:00:05.804,1640,169
ESU13,09/01/2013,17:00:05.942,1640,1
ESU13,09/01/2013,17:00:06.138,1639.5,1
ESU13,09/01/2013,17:00:06.194,1639.75,2
ESU13,09/01/2013,17:00:06.194,1639.75,2
ESU13,09/01/2013,17:00:06.194,1639.75,1
ESU13,09/01/2013,17:00:06.194,1639.75,5
ESU13,09/01/2013,17:00:06.194,1640,15
ESU13,09/01/2013,17:00:06.293,1639.5,1
ESU13,09/01/2013,17:00:06.321,1640,2
ESU13,09/01/2013,17:00:06.406,1639.5,1
ESU13,09/01/2013,17:00:06.470,1639.5,11
ESU13,09/01/2013,17:00:06.470,1639.5,1
ESU13,09/01/2013,17:00:06.470,1639.5,1
ESU13,09/01/2013,17:00:06.470,1639.5,1
ESU13,09/01/2013,17:00:06.470,1639.5,1
ESU13,09/01/2013,17:00:06.491,1639.5,1
ESU13,09/01/2013,17:00:06.515,1640,1
ESU13,09/01/2013,17:00:06.591,1639.75,1
ESU13,09/01/2013,17:00:06.627,1639.75,1
ESU13,09/01/2013,17:00:06.634,1640,1
ESU13,09/01/2013,17:00:06.695,1640,50
ESU13,09/01/2013,17:00:06.959,1639.75,2
ESU13,09/01/2013,17:00:07.530,1639.75,1
ESU13,09/01/2013,17:00:07.641,1640,40
ESU13,09/01/2013,17:00:07.665,1640,1
ESU13,09/01/2013,17:00:07.883,1640,25
ESU13,09/01/2013,17:00:07.939,1640,2
ESU13,09/01/2013,17:00:08.023,1639.75,2
ESU13,09/01/2013,17:00:08.023,1639.75,1
ESU13,09/01/2013,17:00:08.023,1639.75,1
ESU13,09/01/2013,17:00:08.023,1639.75,2
ESU13,09/01/2013,17:00:08.108,1640,3
ESU13,09/01/2013,17:00:08.209,1640,25
ESU13,09/01/2013,17:00:08.315,1640,15
ESU13,09/01/2013,17:00:08.379,1640,5
ESU13,09/01/2013,17:00:08.418,1640,4
ESU13,09/01/2013,17:00:08.418,1640,5
ESU13,09/01/2013,17:00:08.418,1640,5
ESU13,09/01/2013,17:00:08.418,1640,3
ESU13,09/01/2013,17:00:08.418,1640,1
ESU13,09/01/2013,17:00:08.920,1640,2
ESU13,09/01/2013,17:00:08.966,1640,4
ESU13,09/01/2013,17:00:09.288,1640,1
ESU13,09/01/2013,17:00:09.288,1640,3
ESU13,09/01/2013,17:00:09.673,1640,1
ESU13,09/01/2013,17:00:09.715,1640.25,1
ESU13,09/01/2013,17:00:09.715,1640.25,60
ESU13,09/01/2013,17:00:09.715,1640.25,5
ESU13,09/01/2013,17:00:09.715,1640.25,1
ESU13,09/01/2013,17:00:09.715,1640.25,5
ESU13,09/01/2013,17:00:09.715,1640.5,1
ESU13,09/01/2013,17:00:09.715,1640.5,2
ESU13,09/01/2013,17:00:09.977,1640,2
ESU13,09/01/2013,17:00:10.020,1640.5,1
ESU13,09/01/2013,17:00:10.020,1640.5,1
ESU13,09/01/2013,17:00:10.020,1640.5,1
ESU13,09/01/2013,17:00:10.031,1640,1
ESU13,09/01/2013,17:00:10.031,1640,1
ESU13,09/01/2013,17:00:10.031,1640,1
ESU13,09/01/2013,17:00:10.112,1640,3
ESU13,09/01/2013,17:00:10.404,1640.25,2
ESU13,09/01/2013,17:00:10.448,1640,1
ESU13,09/01/2013,17:00:10.572,1640,12
ESU13,09/01/2013,17:00:10.572,1640,1
ESU13,09/01/2013,17:00:10.920,1640,1
ESU13,09/01/2013,17:00:10.939,1640,1
ESU13,09/01/2013,17:00:11.048,1639.75,1
ESU13,09/01/2013,17:00:11.054,1639.75,3
ESU13,09/01/2013,17:00:11.537,1639.75,1
ESU13,09/01/2013,17:00:11.537,1640,1
ESU13,09/01/2013,17:00:11.609,1639.5,1
ESU13,09/01/2013,17:00:11.609,1639.5,1
ESU13,09/01/2013,17:00:11.609,1639.5,1
ESU13,09/01/2013,17:00:11.609,1639.5,12
ESU13,09/01/2013,17:00:11.684,1639.75,1
ESU13,09/01/2013,17:00:11.764,1639.5,2
ESU13,09/01/2013,17:00:11.764,1639.5,4
ESU13,09/01/2013,17:00:11.764,1639.5,3
ESU13,09/01/2013,17:00:11.764,1639.5,2
ESU13,09/01/2013,17:00:11.764,1639.5,1
ESU13,09/01/2013,17:00:11.764,1639.5,1
ESU13,09/01/2013,17:00:11.764,1639.5,1
ESU13,09/01/2013,17:00:11.764,1639.5,1
ESU13,09/01/2013,17:00:12.298,1639.5,1
ESU13,09/01/2013,17:00:12.298,1639.5,1
ESU13,09/01/2013,17:00:12.750,1639.5,1
ESU13,09/01/2013,17:00:12.750,1639.5,1
ESU13,09/01/2013,17:00:12.750,1639.5,1
ESU13,09/01/2013,17:00:13.021,1639.75,1
ESU13,09/01/2013,17:00:13.026,1639.5,1
ESU13,09/01/2013,17:00:13.075,1639.75,1
ESU13,09/01/2013,17:00:13.075,1639.75,1
ESU13,09/01/2013,17:00:13.104,1639.75,1
ESU13,09/01/2013,17:00:13.179,1639.5,5
ESU13,09/01/2013,17:00:14.000,1639.75,1
ESU13,09/01/2013,17:00:14.000,1639.75,4
ESU13,09/01/2013,17:00:14.285,1639.5,1
ESU13,09/01/2013,17:00:14.448,1639.5,2
ESU13,09/01/2013,17:00:15.008,1639.5,3
ESU13,09/01/2013,17:00:15.008,1639.5,1
ESU13,09/01/2013,17:00:15.008,1639.5,1
ESU13,09/01/2013,17:00:15.029,1639.5,1
ESU13,09/01/2013,17:00:15.029,1639.5,1
ESU13,09/01/2013,17:00:15.029,1639.5,1
ESU13,09/01/2013,17:00:16.131,1639.75,1
ESU13,09/01/2013,17:00:16.131,1639.75,4
ESU13,09/01/2013,17:00:16.555,1639.75,8
ESU13,09/01/2013,17:00:16.640,1639.5,1
ESU13,09/01/2013,17:00:16.751,1639.5,5
ESU13,09/01/2013,17:00:16.751,1639.5,1
ESU13,09/01/2013,17:00:16.751,1639.5,1
ESU13,09/01/2013,17:00:16.751,1639.5,1
ESU13,09/01/2013,17:00:16.751,1639.5,1
ESU13,09/01/2013,17:00:16.751,1639.5,1
ESU13,09/01/2013,17:00:16.943,1639.5,1
ESU13,09/01/2013,17:00:17.176,1639.5,1
ESU13,09/01/2013,17:00:17.374,1639.5,1
ESU13,09/01/2013,17:00:17.374,1639.5,1
ESU13,09/01/2013,17:00:17.374,1639.5,1
ESU13,09/01/2013,17:00:17.374,1639.5,1
ESU13,09/01/2013,17:00:17.374,1639.5,1
ESU13,09/01/2013,17:00:17.374,1639.5,1
ESU13,09/01/2013,17:00:17.374,1639.5,1
ESU13,09/01/2013,17:00:17.374,1639.5,1
ESU13,09/01/2013,17:00:17.374,1639.5,1
ESU13,09/01/2013,17:00:17.374,1639.5,1
ESU13,09/01/2013,17:00:17.374,1639.5,1
ESU13,09/01/2013,17:00:17.374,1639.5,1
ESU13,09/01/2013,17:00:17.374,1639.5,1
ESU13,09/01/2013,17:00:17.381,1639.5,1
ESU13,09/01/2013,17:00:17.458,1639.5,1
ESU13,09/01/2013,17:00:17.458,1639.5,1
ESU13,09/01/2013,17:00:17.567,1639.5,1
ESU13,09/01/2013,17:00:17.567,1639.5,3
ESU13,09/01/2013,17:00:17.606,1639.5,1
ESU13,09/01/2013,17:00:17.679,1639.5,1
ESU13,09/01/2013,17:00:17.849,1639.5,1
ESU13,09/01/2013,17:00:18.013,1639.75,1
ESU13,09/01/2013,17:00:19.933,1639.75,5
ESU13,09/01/2013,17:00:20.149,1639.75,2
ESU13,09/01/2013,17:00:20.884,1639.5,5
ESU13,09/01/2013,17:00:21.137,1639.75,1
ESU13,09/01/2013,17:00:21.137,1639.75,5
ESU13,09/01/2013,17:00:21.404,1639.5,1
ESU13,09/01/2013,17:00:21.425,1639.5,5
ESU13,09/01/2013,17:00:21.732,1639.5,33
ESU13,09/01/2013,17:00:21.732,1639.5,6
ESU13,09/01/2013,17:00:21.732,1639.5,3
ESU13,09/01/2013,17:00:21.732,1639.5,14
ESU13,09/01/2013,17:00:21.732,1639.5,4
ESU13,09/01/2013,17:00:22.365,1639.25,1
ESU13,09/01/2013,17:00:22.407,1639.25,3
ESU13,09/01/2013,17:00:22.927,1639.5,1
ESU13,09/01/2013,17:00:22.927,1639.25,1
ESU13,09/01/2013,17:00:22.939,1639.25,1
ESU13,09/01/2013,17:00:23.332,1639.25,1
ESU13,09/01/2013,17:00:23.830,1639.5,5
ESU13,09/01/2013,17:00:24.037,1639.25,1
ESU13,09/01/2013,17:00:24.059,1639.25,3
ESU13,09/01/2013,17:00:24.090,1639.25,1
ESU13,09/01/2013,17:00:24.241,1639.25,3
ESU13,09/01/2013,17:00:24.415,1639.25,3
ESU13,09/01/2013,17:00:24.572,1639.25,3
ESU13,09/01/2013,17:00:24.741,1639.25,3
ESU13,09/01/2013,17:00:24.750,1639.25,2
ESU13,09/01/2013,17:00:24.750,1639.25,1
ESU13,09/01/2013,17:00:24.750,1639.25,2
ESU13,09/01/2013,17:00:24.901,1639.25,3
ESU13,09/01/2013,17:00:25.048,1639.5,1
ESU13,09/01/2013,17:00:25.048,1639.25,3
ESU13,09/01/2013,17:00:25.079,1639.25,1
ESU13,09/01/2013,17:00:25.204,1639.5,33
ESU13,09/01/2013,17:00:25.204,1639.5,1
ESU13,09/01/2013,17:00:25.204,1639.5,3
ESU13,09/01/2013,17:00:25.204,1639.5,3
ESU13,09/01/2013,17:00:25.204,1639.5,14
ESU13,09/01/2013,17:00:25.204,1639.5,1
ESU13,09/01/2013,17:00:25.204,1639.5,3
ESU13,09/01/2013,17:00:25.204,1639.5,5
ESU13,09/01/2013,17:00:25.204,1639.5,3
ESU13,09/01/2013,17:00:25.204,1639.5,3
ESU13,09/01/2013,17:00:25.204,1639.5,2
ESU13,09/01/2013,17:00:25.204,1639.5,1
ESU13,09/01/2013,17:00:25.204,1639.5,2
ESU13,09/01/2013,17:00:25.204,1639.5,1
ESU13,09/01/2013,17:00:25.204,1639.5,3
ESU13,09/01/2013,17:00:25.204,1639.5,1
ESU13,09/01/2013,17:00:25.204,1639.5,1
ESU13,09/01/2013,17:00:25.204,1639.5,1
ESU13,09/01/2013,17:00:25.204,1639.5,13
ESU13,09/01/2013,17:00:25.204,1639.5,50
ESU13,09/01/2013,17:00:25.204,1639.5,50
ESU13,09/01/2013,17:00:25.204,1639.5,1
ESU13,09/01/2013,17:00:25.204,1639.5,50
ESU13,09/01/2013,17:00:25.204,1639.5,1
ESU13,09/01/2013,17:00:25.204,1639.5,4
ESU13,09/01/2013,17:00:25.216,1639.5,2
ESU13,09/01/2013,17:00:25.221,1639.5,1
ESU13,09/01/2013,17:00:25.221,1639.5,1
ESU13,09/01/2013,17:00:25.300,1639.5,3
ESU13,09/01/2013,17:00:25.505,1639.25,1
ESU13,09/01/2013,17:00:25.541,1639.25,5
ESU13,09/01/2013,17:00:25.768,1639.5,1
ESU13,09/01/2013,17:00:26.115,1639.5,1
ESU13,09/01/2013,17:00:26.667,1639.25,5
ESU13,09/01/2013,17:00:26.667,1639.25,3
ESU13,09/01/2013,17:00:26.667,1639.25,3
ESU13,09/01/2013,17:00:26.667,1639.25,3
ESU13,09/01/2013,17:00:26.667,1639.25,3
ESU13,09/01/2013,17:00:26.667,1639.25,4
ESU13,09/01/2013,17:00:26.667,1639.25,4
ESU13,09/01/2013,17:00:26.667,1639.25,1
ESU13,09/01/2013,17:00:26.667,1639.25,4
ESU13,09/01/2013,17:00:26.667,1639.25,1
ESU13,09/01/2013,17:00:26.667,1639.25,3
ESU13,09/01/2013,17:00:26.667,1639.25,1
ESU13,09/01/2013,17:00:26.667,1639.25,2
ESU13,09/01/2013,17:00:26.667,1639.25,1
ESU13,09/01/2013,17:00:26.667,1639.25,2
ESU13,09/01/2013,17:00:26.673,1639.25,3
ESU13,09/01/2013,17:00:26.678,1639.25,2
ESU13,09/01/2013,17:00:27.230,1639,1
ESU13,09/01/2013,17:00:27.601,1639,1
ESU13,09/01/2013,17:00:27.702,1639,1
ESU13,09/01/2013,17:00:28.475,1639.25,1
ESU13,09/01/2013,17:00:28.662,1639.25,24
ESU13,09/01/2013,17:00:28.662,1639.25,1
ESU13,09/01/2013,17:00:29.161,1639.25,1
ESU13,09/01/2013,17:00:29.161,1639.25,2
ESU13,09/01/2013,17:00:29.161,1639.25,3
ESU13,09/01/2013,17:00:29.161,1639.25,2
ESU13,09/01/2013,17:00:29.168,1639.25,2
ESU13,09/01/2013,17:00:29.168,1639,1
ESU13,09/01/2013,17:00:29.335,1639,1
ESU13,09/01/2013,17:00:29.335,1639,1
ESU13,09/01/2013,17:00:29.716,1639.25,1
ESU13,09/01/2013,17:00:31.274,1639.25,1
ESU13,09/01/2013,17:00:31.450,1639.25,2
ESU13,09/01/2013,17:00:31.516,1639.25,1
ESU13,09/01/2013,17:00:31.853,1639.25,2
ESU13,09/01/2013,17:00:31.971,1639.25,1
ESU13,09/01/2013,17:00:31.977,1639.25,12
ESU13,09/01/2013,17:00:32.195,1639.25,2
ESU13,09/01/2013,17:00:32.195,1639.5,23
ESU13,09/01/2013,17:00:32.263,1639.25,1
ESU13,09/01/2013,17:00:32.622,1639.5,1
ESU13,09/01/2013,17:00:32.762,1639.25,1
ESU13,09/01/2013,17:00:33.950,1639.25,2
ESU13,09/01/2013,17:00:33.950,1639.25,1
ESU13,09/01/2013,17:00:34.443,1639.25,1
ESU13,09/01/2013,17:00:34.448,1639.25,1
ESU13,09/01/2013,17:00:34.542,1639,1
ESU13,09/01/2013,17:00:35.724,1639.25,1
ESU13,09/01/2013,17:00:36.227,1639.25,4
ESU13,09/01/2013,17:00:36.227,1639.25,1
ESU13,09/01/2013,17:00:36.227,1639.25,1
ESU13,09/01/2013,17:00:37.336,1639.5,1
ESU13,09/01/2013,17:00:37.336,1639.5,2
ESU13,09/01/2013,17:00:37.336,1639.5,3
ESU13,09/01/2013,17:00:37.336,1639.5,2
ESU13,09/01/2013,17:00:38.129,1639.5,1
ESU13,09/01/2013,17:00:38.465,1639.25,3
ESU13,09/01/2013,17:00:39.285,1639.5,3
ESU13,09/01/2013,17:00:39.395,1639.5,2
ESU13,09/01/2013,17:00:39.513,1639.5,1
ESU13,09/01/2013,17:00:40.088,1639.25,1
ESU13,09/01/2013,17:00:40.165,1639.25,1
ESU13,09/01/2013,17:00:40.165,1639.25,1
ESU13,09/01/2013,17:00:40.165,1639.25,3
ESU13,09/01/2013,17:00:40.494,1639.5,3
ESU13,09/01/2013,17:00:40.494,1639.5,5
ESU13,09/01/2013,17:00:40.494,1639.5,1
ESU13,09/01/2013,17:00:40.494,1639.5,1
ESU13,09/01/2013,17:00:40.494,1639.5,5
ESU13,09/01/2013,17:00:40.494,1639.5,1
ESU13,09/01/2013,17:00:40.494,1639.5,1
ESU13,09/01/2013,17:00:40.494,1639.5,1
ESU13,09/01/2013,17:00:40.494,1639.5,2
ESU13,09/01/2013,17:00:40.494,1639.5,1
ESU13,09/01/2013,17:00:40.494,1639.5,3
ESU13,09/01/2013,17:00:40.611,1639.5,1
ESU13,09/01/2013,17:00:41.110,1639.5,1
ESU13,09/01/2013,17:00:41.117,1639.75,3
ESU13,09/01/2013,17:00:41.359,1639.75,15
ESU13,09/01/2013,17:00:41.662,1639.5,3
ESU13,09/01/2013,17:00:41.697,1639.5,4
ESU13,09/01/2013,17:00:41.722,1639.5,3
ESU13,09/01/2013,17:00:41.749,1639.5,1
ESU13,09/01/2013,17:00:41.770,1639.5,2
ESU13,09/01/2013,17:00:41.793,1639.5,3
ESU13,09/01/2013,17:00:41.812,1639.5,3
ESU13,09/01/2013,17:00:41.822,1639.5,1
ESU13,09/01/2013,17:00:42.435,1639.5,4
ESU13,09/01/2013,17:00:42.435,1639.5,1
ESU13,09/01/2013,17:00:42.611,1639.75,5
ESU13,09/01/2013,17:00:42.824,1639.5,2
ESU13,09/01/2013,17:00:43.049,1639.75,1
ESU13,09/01/2013,17:00:43.240,1639.5,1
ESU13,09/01/2013,17:00:43.527,1639.5,1
ESU13,09/01/2013,17:00:43.810,1639.5,1
ESU13,09/01/2013,17:00:43.810,1639.5,1
ESU13,09/01/2013,17:00:43.874,1639.5,1
ESU13,09/01/2013,17:00:44.259,1639.5,1
ESU13,09/01/2013,17:00:44.259,1639.5,5
ESU13,09/01/2013,17:00:44.259,1639.5,6
ESU13,09/01/2013,17:00:47.722,1639.5,2
ESU13,09/01/2013,17:00:47.984,1639.5,6
ESU13,09/01/2013,17:00:48.394,1639.5,1
ESU13,09/01/2013,17:00:48.394,1639.5,3
ESU13,09/01/2013,17:00:48.394,1639.5,14
ESU13,09/01/2013,17:00:48.394,1639.5,1
ESU13,09/01/2013,17:00:48.394,1639.5,1
ESU13,09/01/2013,17:00:48.394,1639.5,2
ESU13,09/01/2013,17:00:48.394,1639.5,1
ESU13,09/01/2013,17:00:48.394,1639.5,1
ESU13,09/01/2013,17:00:48.394,1639.5,1
ESU13,09/01/2013,17:00:48.394,1639.5,1
ESU13,09/01/2013,17:00:48.394,1639.5,1
ESU13,09/01/2013,17:00:48.394,1639.5,5
ESU13,09/01/2013,17:00:48.394,1639.5,1
ESU13,09/01/2013,17:00:48.394,1639.5,1
ESU13,09/01/2013,17:00:48.394,1639.5,1
ESU13,09/01/2013,17:00:48.394,1639.5,7
ESU13,09/01/2013,17:00:48.394,1639.5,1
ESU13,09/01/2013,17:00:48.394,1639.25,3
ESU13,09/01/2013,17:00:48.394,1639.25,14
ESU13,09/01/2013,17:00:48.394,1639.25,3
ESU13,09/01/2013,17:00:48.394,1639.25,4
ESU13,09/01/2013,17:00:48.394,1639.25,1
ESU13,09/01/2013,17:00:48.394,1639.25,5
ESU13,09/01/2013,17:00:48.394,1639.25,3
ESU13,09/01/2013,17:00:48.394,1639.25,1
ESU13,09/01/2013,17:00:48.394,1639.25,3
ESU13,09/01/2013,17:00:48.394,1639.25,5
ESU13,09/01/2013,17:00:48.394,1639.25,3
ESU13,09/01/2013,17:00:48.394,1639.25,1
ESU13,09/01/2013,17:00:48.394,1639.25,5
ESU13,09/01/2013,17:00:48.394,1639.25,1
ESU13,09/01/2013,17:00:48.394,1639.25,5
ESU13,09/01/2013,17:00:48.401,1639,5
ESU13,09/01/2013,17:00:48.401,1639,1
ESU13,09/01/2013,17:00:48.435,1639,1
ESU13,09/01/2013,17:00:48.491,1639.25,1
ESU13,09/01/2013,17:00:48.748,1639.25,1
ESU13,09/01/2013,17:00:48.799,1639.25,5
ESU13,09/01/2013,17:00:49.818,1639,15
ESU13,09/01/2013,17:00:50.519,1639,1
ESU13,09/01/2013,17:00:50.699,1639,1
ESU13,09/01/2013,17:00:51.046,1639,1
ESU13,09/01/2013,17:00:51.168,1639.25,25
ESU13,09/01/2013,17:00:51.723,1639.25,42
ESU13,09/01/2013,17:00:51.723,1639.25,3
ESU13,09/01/2013,17:00:51.723,1639.25,3
ESU13,09/01/2013,17:00:51.723,1639.25,3
ESU13,09/01/2013,17:00:52.651,1639.5,10
ESU13,09/01/2013,17:00:53.278,1639.5,4
ESU13,09/01/2013,17:00:53.278,1639.5,1
ESU13,09/01/2013,17:00:53.429,1639.5,5
ESU13,09/01/2013,17:00:53.429,1639.5,1
ESU13,09/01/2013,17:00:53.429,1639.5,3
ESU13,09/01/2013,17:00:53.429,1639.5,3
ESU13,09/01/2013,17:00:53.941,1639.5,1
ESU13,09/01/2013,17:00:54.529,1639.5,2
ESU13,09/01/2013,17:00:54.535,1639.5,1
ESU13,09/01/2013,17:00:54.535,1639.5,1
ESU13,09/01/2013,17:00:55.382,1639.75,2
ESU13,09/01/2013,17:00:55.736,1639.75,12
ESU13,09/01/2013,17:00:55.736,1639.75,25
ESU13,09/01/2013,17:00:55.736,1639.75,5
ESU13,09/01/2013,17:00:55.736,1639.75,3
ESU13,09/01/2013,17:00:55.736,1639.75,1
ESU13,09/01/2013,17:00:55.736,1639.75,1
ESU13,09/01/2013,17:00:55.736,1639.75,5
ESU13,09/01/2013,17:00:55.736,1639.75,3
ESU13,09/01/2013,17:00:55.736,1639.75,1
ESU13,09/01/2013,17:00:55.736,1639.75,1
ESU13,09/01/2013,17:00:55.736,1639.75,1
ESU13,09/01/2013,17:00:55.736,1639.75,1
ESU13,09/01/2013,17:00:55.736,1639.75,1
ESU13,09/01/2013,17:00:55.736,1639.75,2
ESU13,09/01/2013,17:00:55.866,1639.75,2
ESU13,09/01/2013,17:00:55.878,1639.75,2
ESU13,09/01/2013,17:00:57.145,1639.75,5
ESU13,09/01/2013,17:00:57.250,1640,4
ESU13,09/01/2013,17:00:57.250,1640,1
ESU13,09/01/2013,17:00:57.598,1640,15
ESU13,09/01/2013,17:00:57.739,1639.75,1
ESU13,09/01/2013,17:00:57.824,1639.75,5
ESU13,09/01/2013,17:00:57.977,1640,2
ESU13,09/01/2013,17:00:58.518,1639.75,2
ESU13,09/01/2013,17:00:59.708,1640,1
ESU13,09/01/2013,17:00:59.764,1640,8
ESU13,09/01/2013,17:00:59.813,1639.75,5
ESU13,09/01/2013,17:01:00.059,1640,1
ESU13,09/01/2013,17:01:00.142,1640,10
ESU13,09/01/2013,17:01:00.772,1640,1
ESU13,09/01/2013,17:01:00.874,1640,12
ESU13,09/01/2013,17:01:00.874,1640,5
ESU13,09/01/2013,17:01:00.874,1640,1
ESU13,09/01/2013,17:01:00.874,1640,5
ESU13,09/01/2013,17:01:00.874,1640,1
ESU13,09/01/2013,17:01:00.874,1640,1
ESU13,09/01/2013,17:01:00.874,1640,1
ESU13,09/01/2013,17:01:00.874,1640,1
ESU13,09/01/2013,17:01:00.874,1640,1
ESU13,09/01/2013,17:01:00.874,1640,3
ESU13,09/01/2013,17:01:00.874,1640,5
ESU13,09/01/2013,17:01:00.874,1640,1
ESU13,09/01/2013,17:01:00.874,1640,1
ESU13,09/01/2013,17:01:00.874,1640,1
ESU13,09/01/2013,17:01:00.880,1640.25,1
ESU13,09/01/2013,17:01:00.936,1640,1
ESU13,09/01/2013,17:01:00.936,1640,1
ESU13,09/01/2013,17:01:00.936,1640,9
ESU13,09/01/2013,17:01:01.088,1639.75,1
ESU13,09/01/2013,17:01:03.058,1640.25,1
ESU13,09/01/2013,17:01:03.066,1640,10
ESU13,09/01/2013,17:01:04.679,1640,2
ESU13,09/01/2013,17:01:04.884,1640,1
ESU13,09/01/2013,17:01:05.823,1639.75,1
ESU13,09/01/2013,17:01:06.550,1639.75,25
ESU13,09/01/2013,17:01:06.550,1639.75,38
ESU13,09/01/2013,17:01:06.550,1639.75,3
ESU13,09/01/2013,17:01:06.550,1639.75,3
ESU13,09/01/2013,17:01:06.550,1639.75,2
ESU13,09/01/2013,17:01:06.550,1639.75,1
ESU13,09/01/2013,17:01:06.896,1639.5,3
ESU13,09/01/2013,17:01:06.896,1639.5,1
ESU13,09/01/2013,17:01:07.281,1639.5,15
ESU13,09/01/2013,17:01:07.814,1639.75,3
ESU13,09/01/2013,17:01:07.814,1639.75,1
ESU13,09/01/2013,17:01:08.242,1639.5,1
ESU13,09/01/2013,17:01:08.242,1639.5,1
ESU13,09/01/2013,17:01:08.242,1639.5,1
ESU13,09/01/2013,17:01:08.242,1639.5,1
ESU13,09/01/2013,17:01:08.248,1639.5,1
ESU13,09/01/2013,17:01:08.622,1639.5,2
ESU13,09/01/2013,17:01:08.700,1639.5,8
ESU13,09/01/2013,17:01:08.700,1639.5,2
ESU13,09/01/2013,17:01:09.261,1639.75,3
ESU13,09/01/2013,17:01:09.261,1639.75,2
ESU13,09/01/2013,17:01:09.446,1639.75,1
ESU13,09/01/2013,17:01:09.446,1639.75,24
ESU13,09/01/2013,17:01:10.723,1639.5,3
ESU13,09/01/2013,17:01:10.723,1639.5,3
ESU13,09/01/2013,17:01:10.723,1639.5,2
ESU13,09/01/2013,17:01:10.723,1639.5,5
ESU13,09/01/2013,17:01:10.723,1639.5,10
ESU13,09/01/2013,17:01:10.723,1639.5,2
ESU13,09/01/2013,17:01:10.920,1639.75,2
ESU13,09/01/2013,17:01:11.725,1639.5,1
ESU13,09/01/2013,17:01:11.862,1639.75,1
ESU13,09/01/2013,17:01:12.122,1639.75,1
ESU13,09/01/2013,17:01:12.358,1639.75,1
ESU13,09/01/2013,17:01:12.499,1639.75,1
ESU13,09/01/2013,17:01:13.047,1639.75,10
ESU13,09/01/2013,17:01:13.883,1639.75,10
ESU13,09/01/2013,17:01:13.883,1639.75,5
ESU13,09/01/2013,17:01:13.883,1639.75,5
ESU13,09/01/2013,17:01:13.883,1639.75,1
ESU13,09/01/2013,17:01:13.894,1639.75,1
ESU13,09/01/2013,17:01:13.904,1639.75,1
ESU13,09/01/2013,17:01:13.904,1639.75,2
ESU13,09/01/2013,17:01:14.348,1639.5,7
ESU13,09/01/2013,17:01:14.348,1639.5,4
ESU13,09/01/2013,17:01:14.348,1639.5,3
ESU13,09/01/2013,17:01:14.348,1639.5,3
ESU13,09/01/2013,17:01:14.348,1639.5,8
ESU13,09/01/2013,17:01:14.348,1639.5,3
ESU13,09/01/2013,17:01:14.348,1639.5,2
ESU13,09/01/2013,17:01:14.348,1639.5,1
ESU13,09/01/2013,17:01:14.348,1639.5,14
ESU13,09/01/2013,17:01:14.348,1639.5,5
ESU13,09/01/2013,17:01:15.135,1639.75,5
ESU13,09/01/2013,17:01:15.135,1639.75,5
ESU13,09/01/2013,17:01:15.135,1639.75,3
ESU13,09/01/2013,17:01:15.135,1639.75,10
ESU13,09/01/2013,17:01:15.135,1639.75,2
ESU13,09/01/2013,17:01:15.588,1639.75,1
ESU13,09/01/2013,17:01:15.588,1639.75,3
ESU13,09/01/2013,17:01:15.588,1639.75,14
ESU13,09/01/2013,17:01:15.588,1639.75,1
ESU13,09/01/2013,17:01:15.824,1639.75,5
ESU13,09/01/2013,17:01:16.284,1639.75,1
ESU13,09/01/2013,17:01:16.327,1639.75,2
ESU13,09/01/2013,17:01:17.801,1639.75,1
ESU13,09/01/2013,17:01:17.811,1639.75,1
ESU13,09/01/2013,17:01:17.955,1639.75,5
ESU13,09/01/2013,17:01:18.361,1639.75,8
ESU13,09/01/2013,17:01:19.821,1639.75,1
ESU13,09/01/2013,17:01:20.789,1639.75,1
ESU13,09/01/2013,17:01:20.864,1639.75,1
ESU13,09/01/2013,17:01:23.347,1639.75,1
ESU13,09/01/2013,17:01:24.420,1640,5
ESU13,09/01/2013,17:01:24.420,1640,1
ESU13,09/01/2013,17:01:24.420,1640,1
ESU13,09/01/2013,17:01:24.420,1640,1
ESU13,09/01/2013,17:01:24.420,1640,1
ESU13,09/01/2013,17:01:24.420,1640,5
ESU13,09/01/2013,17:01:24.420,1640,3
ESU13,09/01/2013,17:01:24.420,1640,3
ESU13,09/01/2013,17:01:24.420,1640,3
ESU13,09/01/2013,17:01:24.420,1640,35
ESU13,09/01/2013,17:01:24.420,1640,1
ESU13,09/01/2013,17:01:24.420,1640,1
ESU13,09/01/2013,17:01:24.420,1640,1
ESU13,09/01/2013,17:01:24.420,1640,5
ESU13,09/01/2013,17:01:24.420,1640,10
ESU13,09/01/2013,17:01:24.420,1640,1
ESU13,09/01/2013,17:01:24.420,1640,1
ESU13,09/01/2013,17:01:24.420,1640,1
ESU13,09/01/2013,17:01:24.420,1640,1
ESU13,09/01/2013,17:01:24.420,1640,1
ESU13,09/01/2013,17:01:24.420,1640,1
ESU13,09/01/2013,17:01:24.420,1640,1
ESU13,09/01/2013,17:01:24.433,1640.25,1
ESU13,09/01/2013,17:01:24.438,1640.25,1
ESU13,09/01/2013,17:01:24.438,1640.25,4
ESU13,09/01/2013,17:01:24.543,1640,1
ESU13,09/01/2013,17:01:24.712,1640,1
ESU13,09/01/2013,17:01:25.014,1640,1
ESU13,09/01/2013,17:01:25.266,1640,3
ESU13,09/01/2013,17:01:25.907,1640.25,46
ESU13,09/01/2013,17:01:25.907,1640.25,1
ESU13,09/01/2013,17:01:25.907,1640.25,1
ESU13,09/01/2013,17:01:25.907,1640.25,2
ESU13,09/01/2013,17:01:25.907,1640.25,1
ESU13,09/01/2013,17:01:25.907,1640.25,5
ESU13,09/01/2013,17:01:25.907,1640.25,1
ESU13,09/01/2013,17:01:25.907,1640.25,3
ESU13,09/01/2013,17:01:25.907,1640.25,2
ESU13,09/01/2013,17:01:25.907,1640.25,1
ESU13,09/01/2013,17:01:25.907,1640.25,1
ESU13,09/01/2013,17:01:25.907,1640.25,1
ESU13,09/01/2013,17:01:25.907,1640.25,1
ESU13,09/01/2013,17:01:26.207,1640.25,3
ESU13,09/01/2013,17:01:26.207,1640.25,3
ESU13,09/01/2013,17:01:26.212,1640.25,2
ESU13,09/01/2013,17:01:26.219,1640.5,1
ESU13,09/01/2013,17:01:26.528,1640,3
ESU13,09/01/2013,17:01:26.528,1640,1
ESU13,09/01/2013,17:01:26.528,1640,1
ESU13,09/01/2013,17:01:26.850,1640.25,1
ESU13,09/01/2013,17:01:26.909,1640,7
ESU13,09/01/2013,17:01:27.491,1640.25,24
ESU13,09/01/2013,17:01:27.491,1640.25,3
ESU13,09/01/2013,17:01:27.600,1640.25,1
ESU13,09/01/2013,17:01:27.742,1640.25,1
ESU13,09/01/2013,17:01:27.742,1640.25,1
ESU13,09/01/2013,17:01:27.742,1640.25,1
ESU13,09/01/2013,17:01:27.742,1640.25,1
ESU13,09/01/2013,17:01:27.742,1640.25,1
ESU13,09/01/2013,17:01:29.236,1640.5,1
ESU13,09/01/2013,17:01:29.873,1640.5,10
ESU13,09/01/2013,17:01:29.953,1640.5,3
ESU13,09/01/2013,17:01:30.689,1640.25,1
ESU13,09/01/2013,17:01:30.689,1640.25,20
ESU13,09/01/2013,17:01:30.689,1640.25,9
ESU13,09/01/2013,17:01:30.771,1640.5,1
ESU13,09/01/2013,17:01:30.771,1640.5,1
ESU13,09/01/2013,17:01:30.771,1640.5,1
ESU13,09/01/2013,17:01:31.464,1640.25,12
ESU13,09/01/2013,17:01:31.464,1640.25,29
ESU13,09/01/2013,17:01:31.464,1640.25,3
ESU13,09/01/2013,17:01:31.464,1640.25,3
ESU13,09/01/2013,17:01:31.464,1640.25,3
ESU13,09/01/2013,17:01:31.464,1640.25,1
ESU13,09/01/2013,17:01:31.464,1640.25,3
ESU13,09/01/2013,17:01:31.464,1640.25,1
ESU13,09/01/2013,17:01:31.464,1640.25,1
ESU13,09/01/2013,17:01:31.464,1640.25,1
ESU13,09/01/2013,17:01:31.464,1640.25,1
ESU13,09/01/2013,17:01:31.464,1640.25,1
ESU13,09/01/2013,17:01:31.464,1640.25,1
ESU13,09/01/2013,17:01:31.464,1640.25,1
ESU13,09/01/2013,17:01:31.464,1640.25,1
ESU13,09/01/2013,17:01:31.470,1640.25,1
ESU13,09/01/2013,17:01:31.470,1640.25,1
ESU13,09/01/2013,17:01:31.470,1640.25,1
ESU13,09/01/2013,17:01:31.470,1640.25,1
ESU13,09/01/2013,17:01:32.005,1640.25,4
ESU13,09/01/2013,17:01:32.345,1640.25,15
ESU13,09/01/2013,17:01:32.654,1640.25,1
ESU13,09/01/2013,17:01:32.788,1640.25,3
ESU13,09/01/2013,17:01:34.806,1640.25,3
ESU13,09/01/2013,17:01:35.829,1640.25,1
ESU13,09/01/2013,17:01:36.838,1640,99
ESU13,09/01/2013,17:01:36.838,1640,3
ESU13,09/01/2013,17:01:36.838,1640,3
ESU13,09/01/2013,17:01:36.838,1640,3
ESU13,09/01/2013,17:01:36.838,1640,1
ESU13,09/01/2013,17:01:36.838,1640,1
ESU13,09/01/2013,17:01:36.838,1640,5
ESU13,09/01/2013,17:01:36.838,1640,5
ESU13,09/01/2013,17:01:36.838,1640,34
ESU13,09/01/2013,17:01:36.838,1640,4
ESU13,09/01/2013,17:01:36.967,1639.75,1
ESU13,09/01/2013,17:01:37.043,1640.25,2
ESU13,09/01/2013,17:01:37.516,1640,1
ESU13,09/01/2013,17:01:37.516,1640,2
ESU13,09/01/2013,17:01:37.699,1640,1
ESU13,09/01/2013,17:01:38.390,1639.75,4
ESU13,09/01/2013,17:01:38.390,1639.75,3
ESU13,09/01/2013,17:01:38.390,1639.75,3
ESU13,09/01/2013,17:01:38.390,1639.75,3
ESU13,09/01/2013,17:01:38.390,1639.75,1
ESU13,09/01/2013,17:01:38.390,1639.75,2
ESU13,09/01/2013,17:01:38.390,1639.75,1
ESU13,09/01/2013,17:01:38.390,1639.75,1
ESU13,09/01/2013,17:01:38.390,1639.75,2
ESU13,09/01/2013,17:01:38.390,1639.75,5
ESU13,09/01/2013,17:01:38.390,1639.75,1
ESU13,09/01/2013,17:01:38.390,1639.75,5
ESU13,09/01/2013,17:01:38.390,1639.75,1
ESU13,09/01/2013,17:01:38.390,1639.75,1
ESU13,09/01/2013,17:01:38.390,1639.75,1
ESU13,09/01/2013,17:01:38.390,1639.75,10
ESU13,09/01/2013,17:01:38.390,1639.75,2
ESU13,09/01/2013,17:01:38.390,1639.75,1
ESU13,09/01/2013,17:01:38.396,1639.75,1
ESU13,09/01/2013,17:01:38.396,1639.75,1
ESU13,09/01/2013,17:01:38.785,1639.75,1
ESU13,09/01/2013,17:01:38.785,1639.75,3
ESU13,09/01/2013,17:01:38.785,1639.75,4
ESU13,09/01/2013,17:01:39.317,1639.75,5
ESU13,09/01/2013,17:01:39.622,1639.75,1
ESU13,09/01/2013,17:01:39.622,1639.75,3
ESU13,09/01/2013,17:01:39.622,1639.75,1
ESU13,09/01/2013,17:01:39.628,1639.75,1
ESU13,09/01/2013,17:01:39.651,1640,2
ESU13,09/01/2013,17:01:39.833,1639.75,19
ESU13,09/01/2013,17:01:39.833,1639.75,1
ESU13,09/01/2013,17:01:40.704,1640,3
ESU13,09/01/2013,17:01:40.704,1640,1
ESU13,09/01/2013,17:01:41.557,1639.75,1
ESU13,09/01/2013,17:01:41.824,1640,2
ESU13,09/01/2013,17:01:41.824,1640,3
ESU13,09/01/2013,17:01:42.785,1640,1
ESU13,09/01/2013,17:01:42.785,1640,1
ESU13,09/01/2013,17:01:42.785,1640,2
ESU13,09/01/2013,17:01:42.785,1640,1
ESU13,09/01/2013,17:01:42.791,1640,2
ESU13,09/01/2013,17:01:44.121,1640,1
ESU13,09/01/2013,17:01:44.213,1639.75,5
ESU13,09/01/2013,17:01:44.213,1639.75,3
ESU13,09/01/2013,17:01:44.213,1639.75,2
ESU13,09/01/2013,17:01:44.380,1640,1
ESU13,09/01/2013,17:01:44.417,1640,1
ESU13,09/01/2013,17:01:44.417,1640,1
ESU13,09/01/2013,17:01:45.469,1640,1
ESU13,09/01/2013,17:01:45.991,1640,1
ESU13,09/01/2013,17:01:45.991,1640,3
ESU13,09/01/2013,17:01:45.991,1640,2
ESU13,09/01/2013,17:01:45.991,1640,3
ESU13,09/01/2013,17:01:45.991,1640,1
ESU13,09/01/2013,17:01:45.991,1640,1
ESU13,09/01/2013,17:01:45.991,1640,1
ESU13,09/01/2013,17:01:45.991,1640,1
ESU13,09/01/2013,17:01:45.991,1640,1
ESU13,09/01/2013,17:01:45.991,1640,1
ESU13,09/01/2013,17:01:46.375,1640,1
ESU13,09/01/2013,17:01:48.476,1639.75,1
ESU13,09/01/2013,17:01:52.656,1639.75,1
ESU13,09/01/2013,17:01:53.354,1639.75,1
ESU13,09/01/2013,17:01:53.375,1639.75,1
ESU13,09/01/2013,17:01:53.375,1639.75,1
ESU13,09/01/2013,17:01:53.391,1639.75,1
ESU13,09/01/2013,17:01:53.391,1639.75,1
ESU13,09/01/2013,17:01:53.618,1639.75,2
ESU13,09/01/2013,17:01:53.618,1639.75,2
ESU13,09/01/2013,17:01:53.631,1639.75,1
ESU13,09/01/2013,17:01:54.788,1640,1
ESU13,09/01/2013,17:01:54.788,1640,1
ESU13,09/01/2013,17:01:54.788,1640,1
ESU13,09/01/2013,17:01:54.788,1640,3
ESU13,09/01/2013,17:01:54.788,1640,3
ESU13,09/01/2013,17:01:54.788,1640,1
ESU13,09/01/2013,17:01:54.788,1640,3
ESU13,09/01/2013,17:01:54.788,1640,1
ESU13,09/01/2013,17:01:54.788,1640,1
ESU13,09/01/2013,17:01:54.788,1640,1
ESU13,09/01/2013,17:01:54.788,1640,1
ESU13,09/01/2013,17:01:54.788,1640,1
ESU13,09/01/2013,17:01:54.788,1640,1
ESU13,09/01/2013,17:01:54.788,1640,1
ESU13,09/01/2013,17:01:55.383,1640,1
ESU13,09/01/2013,17:01:55.383,1640,1
ESU13,09/01/2013,17:01:56.517,1639.75,1
ESU13,09/01/2013,17:01:57.467,1640,1
ESU13,09/01/2013,17:01:57.467,1640,1
ESU13,09/01/2013,17:02:00.017,1639.75,1
ESU13,09/01/2013,17:02:00.888,1640,1
ESU13,09/01/2013,17:02:02.882,1640,1
ESU13,09/01/2013,17:02:03.194,1640,5
ESU13,09/01/2013,17:02:03.933,1640,2
ESU13,09/01/2013,17:02:03.933,1640,3
ESU13,09/01/2013,17:02:04.214,1639.75,15
ESU13,09/01/2013,17:02:04.214,1639.75,5
ESU13,09/01/2013,17:02:04.214,1639.75,5
ESU13,09/01/2013,17:02:04.214,1639.75,1
ESU13,09/01/2013,17:02:04.214,1639.75,2
ESU13,09/01/2013,17:02:04.416,1640,1
ESU13,09/01/2013,17:02:05.440,1639.75,10
ESU13,09/01/2013,17:02:06.350,1640,2
ESU13,09/01/2013,17:02:06.350,1640,3
ESU13,09/01/2013,17:02:06.761,1640,5
ESU13,09/01/2013,17:02:07.518,1639.75,5
ESU13,09/01/2013,17:02:07.550,1639.75,1
ESU13,09/01/2013,17:02:07.700,1639.75,2
ESU13,09/01/2013,17:02:08.395,1639.75,1
ESU13,09/01/2013,17:02:08.949,1639.75,2
ESU13,09/01/2013,17:02:09.625,1639.75,1
ESU13,09/01/2013,17:02:09.845,1639.75,10
ESU13,09/01/2013,17:02:09.972,1639.75,1
ESU13,09/01/2013,17:02:10.250,1639.5,1
ESU13,09/01/2013,17:02:10.334,1639.75,4
ESU13,09/01/2013,17:02:10.377,1639.75,2
ESU13,09/01/2013,17:02:10.377,1639.75,1
ESU13,09/01/2013,17:02:10.377,1640,1
ESU13,09/01/2013,17:02:10.500,1640,2
ESU13,09/01/2013,17:02:10.500,1640,1
ESU13,09/01/2013,17:02:11.362,1639.75,1
ESU13,09/01/2013,17:02:11.362,1639.75,1
ESU13,09/01/2013,17:02:11.362,1639.75,1
ESU13,09/01/2013,17:02:11.362,1639.75,1
ESU13,09/01/2013,17:02:11.362,1639.75,3
ESU13,09/01/2013,17:02:11.399,1639.75,1
ESU13,09/01/2013,17:02:11.638,1639.75,2
ESU13,09/01/2013,17:02:11.957,1639.75,2
ESU13,09/01/2013,17:02:12.118,1639.75,2
ESU13,09/01/2013,17:02:12.472,1639.5,2
ESU13,09/01/2013,17:02:14.412,1639.75,2
ESU13,09/01/2013,17:02:14.804,1639.75,26
ESU13,09/01/2013,17:02:14.842,1639.5,1
ESU13,09/01/2013,17:02:16.384,1639.5,1
ESU13,09/01/2013,17:02:16.936,1639.75,8
ESU13,09/01/2013,17:02:16.936,1639.75,40
ESU13,09/01/2013,17:02:16.936,1639.75,14
ESU13,09/01/2013,17:02:16.936,1640,1
ESU13,09/01/2013,17:02:16.936,1640,1
ESU13,09/01/2013,17:02:16.936,1640,1
ESU13,09/01/2013,17:02:16.936,1640,1
ESU13,09/01/2013,17:02:16.936,1640,1
ESU13,09/01/2013,17:02:16.936,1640,1
ESU13,09/01/2013,17:02:16.936,1640,3
ESU13,09/01/2013,17:02:16.936,1640,1
ESU13,09/01/2013,17:02:16.936,1640,1
ESU13,09/01/2013,17:02:16.936,1640,50
ESU13,09/01/2013,17:02:16.936,1640,2
ESU13,09/01/2013,17:02:16.936,1640,1
ESU13,09/01/2013,17:02:17.224,1639.75,1
ESU13,09/01/2013,17:02:17.230,1640,1
ESU13,09/01/2013,17:02:17.897,1639.75,1
ESU13,09/01/2013,17:02:18.813,1639.75,2
ESU13,09/01/2013,17:02:22.151,1640,3
ESU13,09/01/2013,17:02:22.151,1640,1
ESU13,09/01/2013,17:02:22.151,1640,1
ESU13,09/01/2013,17:02:22.551,1640,4
ESU13,09/01/2013,17:02:22.551,1640,1
ESU13,09/01/2013,17:02:22.551,1640,3
ESU13,09/01/2013,17:02:22.551,1640,1
ESU13,09/01/2013,17:02:22.551,1640,1
ESU13,09/01/2013,17:02:22.721,1639.75,1
ESU13,09/01/2013,17:02:22.721,1639.75,3
ESU13,09/01/2013,17:02:22.721,1639.75,1
ESU13,09/01/2013,17:02:22.842,1640,1
ESU13,09/01/2013,17:02:25.472,1640,4
ESU13,09/01/2013,17:02:25.472,1640,1
ESU13,09/01/2013,17:02:30.181,1640,1
ESU13,09/01/2013,17:02:30.947,1640,2
ESU13,09/01/2013,17:02:33.451,1640,1
ESU13,09/01/2013,17:02:45.881,1640.25,15
ESU13,09/01/2013,17:02:45.881,1640.25,1
ESU13,09/01/2013,17:02:45.881,1640.25,1
ESU13,09/01/2013,17:02:45.881,1640.25,3
ESU13,09/01/2013,17:02:45.881,1640.25,3
ESU13,09/01/2013,17:02:45.881,1640.25,3
ESU13,09/01/2013,17:02:45.881,1640.25,1
ESU13,09/01/2013,17:02:45.881,1640.25,1
ESU13,09/01/2013,17:02:46.881,1640,1
ESU13,09/01/2013,17:02:48.214,1640.25,4
ESU13,09/01/2013,17:02:48.276,1640.25,1
ESU13,09/01/2013,17:02:48.276,1640.25,1
ESU13,09/01/2013,17:02:48.276,1640.25,5
ESU13,09/01/2013,17:02:48.276,1640.25,2
ESU13,09/01/2013,17:02:48.276,1640.25,1
ESU13,09/01/2013,17:02:48.734,1640.25,1
ESU13,09/01/2013,17:02:48.734,1640.25,1
ESU13,09/01/2013,17:02:48.734,1640.25,1
ESU13,09/01/2013,17:02:48.838,1640.25,2
ESU13,09/01/2013,17:02:49.184,1640.5,1
ESU13,09/01/2013,17:02:49.184,1640.5,5
ESU13,09/01/2013,17:02:49.184,1640.5,2
ESU13,09/01/2013,17:02:49.184,1640.5,1
ESU13,09/01/2013,17:02:49.184,1640.5,1
ESU13,09/01/2013,17:02:49.184,1640.5,1
ESU13,09/01/2013,17:02:49.470,1640.25,1
ESU13,09/01/2013,17:02:50.756,1640.5,2
ESU13,09/01/2013,17:02:50.756,1640.5,1
ESU13,09/01/2013,17:02:52.473,1640.5,1
ESU13,09/01/2013,17:02:52.473,1640.5,1
ESU13,09/01/2013,17:02:52.473,1640.5,1
ESU13,09/01/2013,17:02:52.539,1640.25,2
ESU13,09/01/2013,17:02:54.236,1640.5,3
ESU13,09/01/2013,17:02:54.698,1640.5,2
ESU13,09/01/2013,17:02:54.698,1640.5,1
ESU13,09/01/2013,17:02:54.698,1640.5,1
ESU13,09/01/2013,17:02:54.698,1640.5,5
ESU13,09/01/2013,17:02:54.698,1640.5,3
ESU13,09/01/2013,17:02:54.698,1640.5,2
ESU13,09/01/2013,17:02:54.698,1640.5,4
ESU13,09/01/2013,17:02:54.698,1640.75,2
ESU13,09/01/2013,17:02:55.161,1640.5,1
ESU13,09/01/2013,17:02:55.318,1640.75,10
ESU13,09/01/2013,17:02:55.351,1640.75,1
ESU13,09/01/2013,17:02:57.009,1640.5,2
ESU13,09/01/2013,17:02:57.015,1640.5,1
ESU13,09/01/2013,17:02:57.015,1640.5,1
ESU13,09/01/2013,17:02:57.458,1640.5,5
ESU13,09/01/2013,17:02:57.458,1640.5,2
ESU13,09/01/2013,17:02:57.458,1640.5,3
ESU13,09/01/2013,17:02:57.458,1640.5,3
ESU13,09/01/2013,17:02:57.458,1640.5,1
ESU13,09/01/2013,17:02:57.458,1640.5,10
ESU13,09/01/2013,17:02:57.458,1640.5,3
ESU13,09/01/2013,17:02:57.747,1640.75,1
ESU13,09/01/2013,17:02:57.754,1640.75,4
ESU13,09/01/2013,17:02:59.700,1640.25,1
ESU13,09/01/2013,17:02:59.849,1640.5,10
ESU13,09/01/2013,17:02:59.856,1640.5,6
ESU13,09/01/2013,17:02:59.856,1640.5,1
ESU13,09/01/2013,17:02:59.856,1640.5,1
ESU13,09/01/2013,17:02:59.856,1640.5,4
ESU13,09/01/2013,17:02:59.856,1640.5,1
ESU13,09/01/2013,17:03:02.221,1640.5,1
ESU13,09/01/2013,17:03:06.763,1640.25,1
ESU13,09/01/2013,17:03:08.616,1640.5,1
ESU13,09/01/2013,17:03:10.303,1640.5,1
ESU13,09/01/2013,17:03:10.303,1640.5,1
ESU13,09/01/2013,17:03:10.303,1640.5,1
ESU13,09/01/2013,17:03:10.303,1640.5,10
ESU13,09/01/2013,17:03:12.638,1640.5,5
ESU13,09/01/2013,17:03:13.029,1640.5,3
ESU13,09/01/2013,17:03:13.805,1640.5,1
ESU13,09/01/2013,17:03:13.909,1640.5,28
ESU13,09/01/2013,17:03:13.909,1640.5,3
ESU13,09/01/2013,17:03:13.909,1640.5,3
ESU13,09/01/2013,17:03:13.909,1640.5,3
ESU13,09/01/2013,17:03:13.909,1640.5,12
ESU13,09/01/2013,17:03:13.909,1640.5,1
ESU13,09/01/2013,17:03:13.909,1640.5,4
ESU13,09/01/2013,17:03:13.909,1640.5,10
ESU13,09/01/2013,17:03:19.146,1640.5,1
ESU13,09/01/2013,17:03:21.309,1640.25,2
ESU13,09/01/2013,17:03:23.475,1640.25,5
ESU13,09/01/2013,17:03:26.536,1640.25,2
ESU13,09/01/2013,17:03:28.264,1640.25,1
ESU13,09/01/2013,17:03:28.942,1640.25,1
ESU13,09/01/2013,17:03:29.086,1640.25,1
ESU13,09/01/2013,17:03:35.043,1640.5,9
ESU13,09/01/2013,17:03:35.043,1640.5,1
ESU13,09/01/2013,17:03:36.291,1640.25,1
ESU13,09/01/2013,17:03:36.291,1640.25,1
ESU13,09/01/2013,17:03:37.036,1640.5,1
ESU13,09/01/2013,17:03:37.160,1640.5,1
ESU13,09/01/2013,17:03:41.304,1640.5,1
ESU13,09/01/2013,17:03:43.911,1640.25,2
ESU13,09/01/2013,17:03:43.911,1640.25,8
ESU13,09/01/2013,17:03:44.094,1640.5,2
ESU13,09/01/2013,17:03:44.711,1640.25,1
ESU13,09/01/2013,17:03:46.161,1640.5,1
ESU13,09/01/2013,17:03:47.449,1640.5,1
ESU13,09/01/2013,17:03:47.945,1640.5,1
ESU13,09/01/2013,17:03:48.512,1640.5,1
ESU13,09/01/2013,17:03:48.512,1640.5,3
ESU13,09/01/2013,17:03:48.512,1640.5,3
ESU13,09/01/2013,17:03:48.512,1640.5,3
ESU13,09/01/2013,17:03:48.512,1640.5,3
ESU13,09/01/2013,17:03:48.512,1640.5,1
ESU13,09/01/2013,17:03:48.512,1640.5,2
ESU13,09/01/2013,17:03:48.512,1640.5,15
ESU13,09/01/2013,17:03:48.512,1640.5,3
ESU13,09/01/2013,17:03:48.512,1640.5,1
ESU13,09/01/2013,17:03:48.512,1640.5,1
ESU13,09/01/2013,17:03:48.512,1640.5,2
ESU13,09/01/2013,17:03:48.512,1640.5,1
ESU13,09/01/2013,17:03:48.512,1640.5,1
ESU13,09/01/2013,17:03:48.512,1640.5,2
ESU13,09/01/2013,17:03:48.512,1640.5,3
ESU13,09/01/2013,17:03:48.517,1640.5,1
ESU13,09/01/2013,17:03:48.544,1640.25,2
ESU13,09/01/2013,17:03:48.677,1640.25,3
ESU13,09/01/2013,17:03:48.695,1640.25,1
ESU13,09/01/2013,17:03:49.108,1640.5,2
ESU13,09/01/2013,17:03:49.108,1640.5,1
ESU13,09/01/2013,17:03:49.108,1640.5,1
ESU13,09/01/2013,17:03:49.730,1640.5,1
ESU13,09/01/2013,17:03:51.090,1640.5,3
ESU13,09/01/2013,17:03:51.090,1640.5,1
ESU13,09/01/2013,17:03:51.090,1640.5,1
ESU13,09/01/2013,17:03:51.090,1640.5,2
ESU13,09/01/2013,17:03:51.106,1640.25,1
ESU13,09/01/2013,17:03:51.245,1640.5,3
ESU13,09/01/2013,17:03:52.889,1640.5,10
ESU13,09/01/2013,17:03:53.701,1640.5,1
ESU13,09/01/2013,17:03:54.991,1640.25,4
ESU13,09/01/2013,17:03:54.991,1640.25,34
ESU13,09/01/2013,17:03:54.991,1640.25,16
ESU13,09/01/2013,17:03:54.991,1640.25,1
ESU13,09/01/2013,17:03:54.991,1640.25,1
ESU13,09/01/2013,17:03:54.991,1640.25,5
ESU13,09/01/2013,17:03:54.991,1640.25,1
ESU13,09/01/2013,17:03:54.991,1640.25,5
ESU13,09/01/2013,17:03:54.991,1640.25,2
ESU13,09/01/2013,17:03:54.991,1640.25,1
ESU13,09/01/2013,17:03:54.991,1640.25,1
ESU13,09/01/2013,17:03:54.991,1640.25,1
ESU13,09/01/2013,17:03:54.991,1640.25,1
ESU13,09/01/2013,17:03:54.991,1640.25,1
ESU13,09/01/2013,17:03:54.991,1640.25,2
ESU13,09/01/2013,17:03:58.836,1640.5,1
ESU13,09/01/2013,17:03:59.756,1640.25,2
ESU13,09/01/2013,17:03:59.756,1640.25,8
ESU13,09/01/2013,17:03:59.756,1640.25,2
ESU13,09/01/2013,17:04:00.621,1640,1
ESU13,09/01/2013,17:04:03.713,1640.25,1
ESU13,09/01/2013,17:04:08.929,1640.25,3
ESU13,09/01/2013,17:04:08.929,1640.25,1
ESU13,09/01/2013,17:04:08.929,1640.25,1
ESU13,09/01/2013,17:04:08.929,1640.25,2
ESU13,09/01/2013,17:04:08.929,1640.25,3
ESU13,09/01/2013,17:04:12.906,1640.25,10
ESU13,09/01/2013,17:04:15.411,1640.25,1
ESU13,09/01/2013,17:04:22.050,1640,1
ESU13,09/01/2013,17:04:22.050,1640,3
ESU13,09/01/2013,17:04:22.050,1640,1
ESU13,09/01/2013,17:04:23.336,1640.25,1
ESU13,09/01/2013,17:04:24.991,1640.25,10
ESU13,09/01/2013,17:04:26.214,1640,1
ESU13,09/01/2013,17:04:27.621,1640,3
ESU13,09/01/2013,17:04:28.681,1640,8
ESU13,09/01/2013,17:04:33.747,1640.25,3
ESU13,09/01/2013,17:04:33.918,1640.25,1
ESU13,09/01/2013,17:04:37.438,1640,1
ESU13,09/01/2013,17:04:37.454,1640.25,1
ESU13,09/01/2013,17:04:39.915,1640.25,2
ESU13,09/01/2013,17:04:40.608,1640.25,33
ESU13,09/01/2013,17:04:40.608,1640.25,3
ESU13,09/01/2013,17:04:40.608,1640.25,3
ESU13,09/01/2013,17:04:40.608,1640.25,3
ESU13,09/01/2013,17:04:40.608,1640.25,5
ESU13,09/01/2013,17:04:40.608,1640.25,1
ESU13,09/01/2013,17:04:40.608,1640.25,1
ESU13,09/01/2013,17:04:40.608,1640.25,11
ESU13,09/01/2013,17:04:40.608,1640.25,4
ESU13,09/01/2013,17:04:40.608,1640.25,2
ESU13,09/01/2013,17:04:40.608,1640.25,1
ESU13,09/01/2013,17:04:40.608,1640.25,1
ESU13,09/01/2013,17:04:40.608,1640.25,11
ESU13,09/01/2013,17:04:40.608,1640.25,3
ESU13,09/01/2013,17:04:40.608,1640.25,1
ESU13,09/01/2013,17:04:40.608,1640.25,1
ESU13,09/01/2013,17:04:40.608,1640.25,7
ESU13,09/01/2013,17:04:40.608,1640.25,1
ESU13,09/01/2013,17:04:40.608,1640.25,4
ESU13,09/01/2013,17:04:40.608,1640.25,2
ESU13,09/01/2013,17:04:40.608,1640.25,2
ESU13,09/01/2013,17:04:40.627,1640.25,1
ESU13,09/01/2013,17:04:41.346,1640.25,1
ESU13,09/01/2013,17:04:42.765,1640.25,1
ESU13,09/01/2013,17:04:43.622,1640.25,1
ESU13,09/01/2013,17:04:43.622,1640.25,2
ESU13,09/01/2013,17:04:43.622,1640.25,1
ESU13,09/01/2013,17:04:43.622,1640.25,3
ESU13,09/01/2013,17:04:43.622,1640.25,3
ESU13,09/01/2013,17:04:46.473,1640.25,1
ESU13,09/01/2013,17:04:47.053,1640,2
ESU13,09/01/2013,17:04:47.405,1640.25,4
ESU13,09/01/2013,17:04:47.405,1640.25,1
ESU13,09/01/2013,17:04:47.405,1640.25,5
ESU13,09/01/2013,17:04:47.405,1640.25,5
ESU13,09/01/2013,17:04:47.405,1640.25,20
ESU13,09/01/2013,17:04:47.405,1640.25,1
ESU13,09/01/2013,17:04:48.669,1640.25,1
ESU13,09/01/2013,17:04:49.477,1640.5,4
ESU13,09/01/2013,17:04:51.073,1640.25,1
ESU13,09/01/2013,17:04:52.770,1640.5,24
ESU13,09/01/2013,17:04:52.770,1640.5,3
ESU13,09/01/2013,17:04:52.770,1640.5,3
ESU13,09/01/2013,17:04:52.770,1640.5,2
ESU13,09/01/2013,17:04:52.770,1640.5,5
ESU13,09/01/2013,17:04:52.770,1640.5,1
ESU13,09/01/2013,17:04:52.770,1640.5,14
ESU13,09/01/2013,17:04:52.770,1640.5,6
ESU13,09/01/2013,17:04:52.770,1640.5,1
ESU13,09/01/2013,17:04:52.770,1640.5,1
ESU13,09/01/2013,17:04:52.770,1640.5,2
ESU13,09/01/2013,17:04:52.770,1640.5,1
ESU13,09/01/2013,17:04:52.770,1640.5,25
ESU13,09/01/2013,17:04:52.770,1640.5,3
ESU13,09/01/2013,17:04:52.770,1640.5,1
ESU13,09/01/2013,17:04:52.770,1640.5,2
ESU13,09/01/2013,17:04:52.770,1640.5,1
ESU13,09/01/2013,17:04:52.770,1640.5,1
ESU13,09/01/2013,17:04:52.770,1640.5,1
ESU13,09/01/2013,17:04:52.770,1640.5,1
ESU13,09/01/2013,17:04:52.770,1640.5,1
ESU13,09/01/2013,17:04:52.770,1640.5,1
ESU13,09/01/2013,17:04:52.770,1640.5,1
ESU13,09/01/2013,17:04:52.775,1640.5,1
ESU13,09/01/2013,17:04:55.287,1640.5,7
ESU13,09/01/2013,17:04:55.287,1640.5,3
ESU13,09/01/2013,17:04:57.046,1640.75,24
ESU13,09/01/2013,17:04:58.550,1640.75,1
ESU13,09/01/2013,17:04:59.326,1640.75,5
ESU13,09/01/2013,17:05:00.401,1640.75,1
ESU13,09/01/2013,17:05:00.802,1640.5,1
ESU13,09/01/2013,17:05:03.891,1640.75,14
ESU13,09/01/2013,17:05:03.891,1640.75,5
ESU13,09/01/2013,17:05:03.891,1640.75,5
ESU13,09/01/2013,17:05:03.891,1640.75,1
ESU13,09/01/2013,17:05:03.891,1640.75,5
ESU13,09/01/2013,17:05:03.891,1640.75,4
ESU13,09/01/2013,17:05:03.891,1640.75,1
ESU13,09/01/2013,17:05:03.891,1640.75,1
ESU13,09/01/2013,17:05:03.891,1640.75,1
ESU13,09/01/2013,17:05:03.891,1640.75,1
ESU13,09/01/2013,17:05:03.891,1640.75,3
ESU13,09/01/2013,17:05:03.891,1640.75,3
ESU13,09/01/2013,17:05:03.891,1640.75,3
ESU13,09/01/2013,17:05:03.891,1640.75,1
ESU13,09/01/2013,17:05:03.891,1640.75,3
ESU13,09/01/2013,17:05:03.891,1640.75,1
ESU13,09/01/2013,17:05:03.891,1640.75,1
ESU13,09/01/2013,17:05:03.891,1640.75,1
ESU13,09/01/2013,17:05:03.891,1640.75,1
ESU13,09/01/2013,17:05:03.891,1640.75,5
ESU13,09/01/2013,17:05:03.891,1640.75,1
ESU13,09/01/2013,17:05:03.891,1640.75,1
ESU13,09/01/2013,17:05:03.891,1640.75,1
ESU13,09/01/2013,17:05:03.891,1640.75,5
ESU13,09/01/2013,17:05:04.338,1640.75,6
ESU13,09/01/2013,17:05:04.420,1640.75,1
ESU13,09/01/2013,17:05:04.477,1640.75,1
ESU13,09/01/2013,17:05:04.525,1640.75,1
ESU13,09/01/2013,17:05:04.576,1640.75,1
ESU13,09/01/2013,17:05:04.586,1640.75,1
ESU13,09/01/2013,17:05:10.654,1640.75,5
ESU13,09/01/2013,17:05:10.654,1640.75,2
ESU13,09/01/2013,17:05:10.654,1640.75,3
ESU13,09/01/2013,17:05:11.861,1640.75,7
ESU13,09/01/2013,17:05:11.861,1640.75,3
ESU13,09/01/2013,17:05:11.935,1640.75,3
ESU13,09/01/2013,17:05:11.969,1640.75,3
ESU13,09/01/2013,17:05:11.969,1640.75,1
ESU13,09/01/2013,17:05:11.969,1640.75,1
ESU13,09/01/2013,17:05:12.741,1640.75,1
ESU13,09/01/2013,17:05:12.749,1640.75,1
ESU13,09/01/2013,17:05:13.900,1640.75,3
ESU13,09/01/2013,17:05:13.900,1640.75,2
ESU13,09/01/2013,17:05:13.900,1640.75,2
ESU13,09/01/2013,17:05:13.900,1640.75,1
ESU13,09/01/2013,17:05:13.900,1640.75,1
ESU13,09/01/2013,17:05:13.900,1640.75,1
ESU13,09/01/2013,17:05:13.900,1640.75,2
ESU13,09/01/2013,17:05:13.900,1640.75,1
ESU13,09/01/2013,17:05:13.900,1640.75,1
ESU13,09/01/2013,17:05:13.900,1641,11
ESU13,09/01/2013,17:05:13.900,1640.75,2
ESU13,09/01/2013,17:05:13.906,1640.75,1
ESU13,09/01/2013,17:05:13.935,1640.75,1
ESU13,09/01/2013,17:05:13.946,1640.5,1
ESU13,09/01/2013,17:05:18.978,1640.75,1
ESU13,09/01/2013,17:05:19.041,1640.75,4
ESU13,09/01/2013,17:05:22.305,1640.5,2
ESU13,09/01/2013,17:05:23.399,1640.75,1
ESU13,09/01/2013,17:05:24.151,1640.5,1
ESU13,09/01/2013,17:05:24.151,1640.5,7
ESU13,09/01/2013,17:05:28.678,1640.5,7
ESU13,09/01/2013,17:05:28.678,1640.5,1
ESU13,09/01/2013,17:05:28.678,1640.5,5
ESU13,09/01/2013,17:05:28.678,1640.5,3
ESU13,09/01/2013,17:05:28.678,1640.5,1
ESU13,09/01/2013,17:05:28.678,1640.5,3
ESU13,09/01/2013,17:05:28.678,1640.5,3
ESU13,09/01/2013,17:05:28.678,1640.5,5
ESU13,09/01/2013,17:05:28.678,1640.5,1
ESU13,09/01/2013,17:05:28.678,1640.5,1
ESU13,09/01/2013,17:05:28.678,1640.5,1
ESU13,09/01/2013,17:05:28.678,1640.5,1
ESU13,09/01/2013,17:05:28.678,1640.5,1
ESU13,09/01/2013,17:05:28.678,1640.5,1
ESU13,09/01/2013,17:05:28.678,1640.5,26
ESU13,09/01/2013,17:05:28.678,1640.5,1
ESU13,09/01/2013,17:05:32.292,1640.5,1
ESU13,09/01/2013,17:05:35.271,1640.5,1
ESU13,09/01/2013,17:05:35.922,1640.5,2
ESU13,09/01/2013,17:05:37.444,1640.5,1
ESU13,09/01/2013,17:05:37.444,1640.5,1
ESU13,09/01/2013,17:05:37.444,1640.5,5
ESU13,09/01/2013,17:05:37.444,1640.5,3
ESU13,09/01/2013,17:05:37.833,1640.25,1
ESU13,09/01/2013,17:05:38.009,1640.25,2
ESU13,09/01/2013,17:05:38.009,1640.25,3
ESU13,09/01/2013,17:05:39.269,1640.5,3
ESU13,09/01/2013,17:05:39.269,1640.5,3
ESU13,09/01/2013,17:05:39.269,1640.5,1
ESU13,09/01/2013,17:05:39.269,1640.5,3
ESU13,09/01/2013,17:05:40.196,1640.5,10
ESU13,09/01/2013,17:05:40.984,1640.25,4
ESU13,09/01/2013,17:05:41.137,1640.5,1
ESU13,09/01/2013,17:05:41.137,1640.5,3
ESU13,09/01/2013,17:05:41.137,1640.5,6
ESU13,09/01/2013,17:05:42.100,1640.5,10
ESU13,09/01/2013,17:05:55.524,1640.25,1
ESU13,09/01/2013,17:05:58.702,1640.25,3
ESU13,09/01/2013,17:05:58.702,1640.25,2
ESU13,09/01/2013,17:06:00.959,1640.5,3
ESU13,09/01/2013,17:06:02.968,1640.25,1
ESU13,09/01/2013,17:06:08.746,1640.5,3
ESU13,09/01/2013,17:06:10.124,1640.5,3
ESU13,09/01/2013,17:06:11.366,1640.5,1
ESU13,09/01/2013,17:06:11.366,1640.5,1
ESU13,09/01/2013,17:06:11.366,1640.5,1
ESU13,09/01/2013,17:06:20.001,1640.5,1
ESU13,09/01/2013,17:06:24.274,1640.5,5
ESU13,09/01/2013,17:06:28.712,1640.5,3
ESU13,09/01/2013,17:06:30.120,1640.5,1
ESU13,09/01/2013,17:06:39.987,1640.25,2
ESU13,09/01/2013,17:06:39.987,1640.25,2
ESU13,09/01/2013,17:06:39.987,1640.25,1
ESU13,09/01/2013,17:06:39.987,1640.25,1
ESU13,09/01/2013,17:06:39.987,1640.25,2
ESU13,09/01/2013,17:06:39.987,1640.25,4
ESU13,09/01/2013,17:06:39.987,1640.25,3
ESU13,09/01/2013,17:06:39.987,1640.25,26
ESU13,09/01/2013,17:06:39.987,1640.25,2
ESU13,09/01/2013,17:06:39.987,1640.25,1
ESU13,09/01/2013,17:06:39.987,1640.25,2
ESU13,09/01/2013,17:06:39.987,1640.25,3
ESU13,09/01/2013,17:06:39.987,1640.25,3
ESU13,09/01/2013,17:06:39.987,1640.25,2
ESU13,09/01/2013,17:06:39.987,1640.25,1
ESU13,09/01/2013,17:06:39.987,1640.25,10
ESU13,09/01/2013,17:06:39.987,1640.25,16
ESU13,09/01/2013,17:06:39.987,1640.25,1
ESU13,09/01/2013,17:06:39.987,1640.25,26
ESU13,09/01/2013,17:06:39.987,1640.25,5
ESU13,09/01/2013,17:06:39.987,1640.25,1
ESU13,09/01/2013,17:06:41.276,1640,1
ESU13,09/01/2013,17:06:43.786,1640.25,2
ESU13,09/01/2013,17:06:43.786,1640.25,1
ESU13,09/01/2013,17:06:43.786,1640.25,1
ESU13,09/01/2013,17:06:45.599,1640,3
ESU13,09/01/2013,17:06:45.599,1640,1
ESU13,09/01/2013,17:06:45.599,1640,1
ESU13,09/01/2013,17:06:47.363,1640.25,3
ESU13,09/01/2013,17:06:47.363,1640.25,1
ESU13,09/01/2013,17:06:47.363,1640.25,1
ESU13,09/01/2013,17:06:50.945,1640,1
ESU13,09/01/2013,17:06:50.945,1640,1
ESU13,09/01/2013,17:06:50.945,1640,1
ESU13,09/01/2013,17:06:50.945,1640,1
ESU13,09/01/2013,17:06:50.945,1640,1
ESU13,09/01/2013,17:06:51.708,1640.25,1
ESU13,09/01/2013,17:06:51.708,1640.25,1
ESU13,09/01/2013,17:06:51.742,1640,1
ESU13,09/01/2013,17:06:51.843,1640.25,1
ESU13,09/01/2013,17:06:51.843,1640.25,1
ESU13,09/01/2013,17:06:51.843,1640.25,1
ESU13,09/01/2013,17:06:51.843,1640.25,1
ESU13,09/01/2013,17:06:51.843,1640.25,1
ESU13,09/01/2013,17:06:52.715,1640.25,3
ESU13,09/01/2013,17:06:52.715,1640.25,1
ESU13,09/01/2013,17:06:52.715,1640.25,1
ESU13,09/01/2013,17:06:52.715,1640.25,1
ESU13,09/01/2013,17:06:52.715,1640.25,3
ESU13,09/01/2013,17:06:52.715,1640.25,1
ESU13,09/01/2013,17:06:52.715,1640.25,14
ESU13,09/01/2013,17:06:52.715,1640.25,1
ESU13,09/01/2013,17:06:52.793,1640,1
ESU13,09/01/2013,17:06:52.821,1640,1
ESU13,09/01/2013,17:06:53.833,1640.25,3
ESU13,09/01/2013,17:06:53.833,1640.25,2
ESU13,09/01/2013,17:06:53.833,1640.25,1
ESU13,09/01/2013,17:06:53.833,1640.25,1
ESU13,09/01/2013,17:06:53.833,1640.25,1
ESU13,09/01/2013,17:06:53.833,1640.25,1
ESU13,09/01/2013,17:06:53.833,1640.25,1
ESU13,09/01/2013,17:06:53.833,1640.25,2
ESU13,09/01/2013,17:06:54.565,1640.25,10
ESU13,09/01/2013,17:06:54.565,1640.25,4
ESU13,09/01/2013,17:06:55.453,1640.25,2
ESU13,09/01/2013,17:06:55.505,1640.25,2
ESU13,09/01/2013,17:06:59.037,1640.25,10
ESU13,09/01/2013,17:07:01.688,1640.25,1
ESU13,09/01/2013,17:07:02.433,1640.25,1
ESU13,09/01/2013,17:07:02.894,1640.25,1
ESU13,09/01/2013,17:07:05.026,1640.25,2
ESU13,09/01/2013,17:07:05.410,1640.25,1
ESU13,09/01/2013,17:07:15.695,1640.25,1
ESU13,09/01/2013,17:07:20.797,1640.5,2
ESU13,09/01/2013,17:07:29.095,1640.5,1
ESU13,09/01/2013,17:07:32.030,1640.25,6
ESU13,09/01/2013,17:07:33.571,1640.25,1
ESU13,09/01/2013,17:07:41.973,1640.5,1
ESU13,09/01/2013,17:07:57.947,1640.25,1
ESU13,09/01/2013,17:07:58.865,1640.25,1
ESU13,09/01/2013,17:08:01.200,1640.5,1
ESU13,09/01/2013,17:08:03.460,1640.5,1
ESU13,09/01/2013,17:08:06.955,1640.5,1
ESU13,09/01/2013,17:08:10.760,1640.5,1
ESU13,09/01/2013,17:08:10.760,1640.5,1
ESU13,09/01/2013,17:08:13.666,1640.25,1
ESU13,09/01/2013,17:08:14.870,1640.25,1
ESU13,09/01/2013,17:08:19.584,1640.5,3
ESU13,09/01/2013,17:08:19.744,1640.5,9
ESU13,09/01/2013,17:08:19.744,1640.5,1
ESU13,09/01/2013,17:08:19.744,1640.5,3
ESU13,09/01/2013,17:08:19.744,1640.5,3
ESU13,09/01/2013,17:08:19.744,1640.5,1
ESU13,09/01/2013,17:08:19.744,1640.5,1
ESU13,09/01/2013,17:08:19.744,1640.5,2
ESU13,09/01/2013,17:08:21.736,1640.25,1
ESU13,09/01/2013,17:08:24.166,1640.25,1
ESU13,09/01/2013,17:08:28.915,1640.25,1
ESU13,09/01/2013,17:08:33.910,1640.25,2
ESU13,09/01/2013,17:08:33.932,1640.5,3
ESU13,09/01/2013,17:08:33.932,1640.5,1
ESU13,09/01/2013,17:08:33.932,1640.5,1
ESU13,09/01/2013,17:08:33.932,1640.5,10
ESU13,09/01/2013,17:08:33.932,1640.5,10
ESU13,09/01/2013,17:08:33.932,1640.5,5
ESU13,09/01/2013,17:08:34.974,1640.25,2
ESU13,09/01/2013,17:08:34.974,1640.25,3
ESU13,09/01/2013,17:08:34.988,1640.25,5
ESU13,09/01/2013,17:08:43.325,1640.25,1
ESU13,09/01/2013,17:08:44.830,1640.25,2
ESU13,09/01/2013,17:08:46.044,1640.5,45
ESU13,09/01/2013,17:08:46.044,1640.5,1
ESU13,09/01/2013,17:08:46.044,1640.5,5
ESU13,09/01/2013,17:08:46.044,1640.5,1
ESU13,09/01/2013,17:08:46.044,1640.5,3
ESU13,09/01/2013,17:08:46.044,1640.5,9
ESU13,09/01/2013,17:08:46.044,1640.5,1
ESU13,09/01/2013,17:08:46.044,1640.5,1
ESU13,09/01/2013,17:08:46.044,1640.5,1
ESU13,09/01/2013,17:08:46.044,1640.5,1
ESU13,09/01/2013,17:08:46.044,1640.5,1
ESU13,09/01/2013,17:08:46.044,1640.5,1
ESU13,09/01/2013,17:08:46.044,1640.5,1
ESU13,09/01/2013,17:08:46.044,1640.5,1
ESU13,09/01/2013,17:08:46.044,1640.5,1
ESU13,09/01/2013,17:08:46.044,1640.5,2
ESU13,09/01/2013,17:08:46.044,1640.5,5
ESU13,09/01/2013,17:08:46.044,1640.5,1
ESU13,09/01/2013,17:08:46.044,1640.5,1
ESU13,09/01/2013,17:08:46.044,1640.5,1
ESU13,09/01/2013,17:08:46.044,1640.5,3
ESU13,09/01/2013,17:08:46.044,1640.5,1
ESU13,09/01/2013,17:08:46.044,1640.5,1
ESU13,09/01/2013,17:08:46.044,1640.5,3
ESU13,09/01/2013,17:08:46.044,1640.5,3
ESU13,09/01/2013,17:08:46.044,1640.5,1
ESU13,09/01/2013,17:08:46.044,1640.5,1
ESU13,09/01/2013,17:08:46.044,1640.5,4
ESU13,09/01/2013,17:08:46.044,1640.5,1
ESU13,09/01/2013,17:08:46.051,1640.5,5
ESU13,09/01/2013,17:08:46.386,1640.25,15
ESU13,09/01/2013,17:08:46.386,1640.25,3
ESU13,09/01/2013,17:08:46.386,1640.25,2
ESU13,09/01/2013,17:08:48.019,1640.25,1
ESU13,09/01/2013,17:08:48.950,1640.25,1
ESU13,09/01/2013,17:08:49.963,1640.5,1
ESU13,09/01/2013,17:08:49.963,1640.5,5
ESU13,09/01/2013,17:08:50.035,1640.5,3
ESU13,09/01/2013,17:08:50.035,1640.5,1
ESU13,09/01/2013,17:08:50.144,1640.5,5
ESU13,09/01/2013,17:08:50.162,1640.5,5
ESU13,09/01/2013,17:08:50.219,1640.5,3
ESU13,09/01/2013,17:08:50.219,1640.5,2
ESU13,09/01/2013,17:08:55.419,1640.25,8
ESU13,09/01/2013,17:08:56.781,1640.5,1
ESU13,09/01/2013,17:08:58.314,1640.5,2
ESU13,09/01/2013,17:08:58.970,1640.5,108
ESU13,09/01/2013,17:08:58.970,1640.5,3
ESU13,09/01/2013,17:08:58.970,1640.5,3
ESU13,09/01/2013,17:08:58.970,1640.5,3
ESU13,09/01/2013,17:08:58.970,1640.5,5
ESU13,09/01/2013,17:08:58.970,1640.5,15
ESU13,09/01/2013,17:08:58.976,1640.5,3
ESU13,09/01/2013,17:09:00.580,1640.5,1
ESU13,09/01/2013,17:09:03.736,1640.5,19
ESU13,09/01/2013,17:09:03.736,1640.5,3
ESU13,09/01/2013,17:09:03.736,1640.5,3
ESU13,09/01/2013,17:09:03.736,1640.5,1
ESU13,09/01/2013,17:09:03.736,1640.5,14
ESU13,09/01/2013,17:09:03.736,1640.5,1
ESU13,09/01/2013,17:09:03.736,1640.5,5
ESU13,09/01/2013,17:09:03.736,1640.5,3
ESU13,09/01/2013,17:09:03.736,1640.5,15
ESU13,09/01/2013,17:09:03.736,1640.5,1
ESU13,09/01/2013,17:09:11.460,1640.25,1
ESU13,09/01/2013,17:09:12.806,1640.5,1
ESU13,09/01/2013,17:09:13.041,1640.5,30
ESU13,09/01/2013,17:09:20.720,1640.5,1
ESU13,09/01/2013,17:09:20.720,1640.5,1
ESU13,09/01/2013,17:09:33.812,1640.5,9
ESU13,09/01/2013,17:09:33.812,1640.5,14
ESU13,09/01/2013,17:09:33.812,1640.5,5
ESU13,09/01/2013,17:09:35.968,1640.5,5
ESU13,09/01/2013,17:09:35.968,1640.5,1
ESU13,09/01/2013,17:09:35.968,1640.5,30
ESU13,09/01/2013,17:09:35.968,1640.5,1
ESU13,09/01/2013,17:09:35.968,1640.5,1
ESU13,09/01/2013,17:09:35.968,1640.5,1
ESU13,09/01/2013,17:09:35.968,1640.5,1
ESU13,09/01/2013,17:09:35.968,1640.5,2
ESU13,09/01/2013,17:09:42.766,1640.5,8
ESU13,09/01/2013,17:09:42.766,1640.5,3
ESU13,09/01/2013,17:09:42.992,1640.5,11
ESU13,09/01/2013,17:09:43.260,1640.5,3
ESU13,09/01/2013,17:09:43.260,1640.5,4
ESU13,09/01/2013,17:09:43.260,1640.5,2
ESU13,09/01/2013,17:09:43.260,1640.5,1
ESU13,09/01/2013,17:09:43.260,1640.5,1
ESU13,09/01/2013,17:09:43.265,1640.5,3
ESU13,09/01/2013,17:09:43.627,1640.5,2
ESU13,09/01/2013,17:09:47.522,1640.5,2
ESU13,09/01/2013,17:09:49.171,1640.25,1
ESU13,09/01/2013,17:09:49.171,1640.25,2
ESU13,09/01/2013,17:09:52.816,1640.5,5
ESU13,09/01/2013,17:09:52.816,1640.5,17
ESU13,09/01/2013,17:09:52.816,1640.5,4
ESU13,09/01/2013,17:09:52.821,1640.5,1
ESU13,09/01/2013,17:09:53.146,1640.75,25
ESU13,09/01/2013,17:09:53.146,1640.75,1
ESU13,09/01/2013,17:09:53.324,1640.75,2
ESU13,09/01/2013,17:09:53.324,1640.75,3
ESU13,09/01/2013,17:09:53.324,1640.75,3
ESU13,09/01/2013,17:09:53.324,1640.75,3
ESU13,09/01/2013,17:09:53.324,1640.75,5
ESU13,09/01/2013,17:09:53.324,1640.75,5
ESU13,09/01/2013,17:09:53.324,1640.75,5
ESU13,09/01/2013,17:09:53.652,1640.75,1
ESU13,09/01/2013,17:09:53.652,1640.75,2
ESU13,09/01/2013,17:09:53.652,1640.75,2
ESU13,09/01/2013,17:09:53.652,1640.75,1
ESU13,09/01/2013,17:09:53.652,1640.75,5
ESU13,09/01/2013,17:09:53.652,1640.75,1
ESU13,09/01/2013,17:09:53.652,1640.75,1
ESU13,09/01/2013,17:09:53.652,1640.75,5
ESU13,09/01/2013,17:09:53.652,1640.75,1
ESU13,09/01/2013,17:09:53.652,1640.75,7
ESU13,09/01/2013,17:09:53.792,1640.75,4
ESU13,09/01/2013,17:09:53.792,1640.75,11
ESU13,09/01/2013,17:09:53.792,1640.75,11
ESU13,09/01/2013,17:09:53.898,1640.75,3
ESU13,09/01/2013,17:09:53.898,1640.75,5
ESU13,09/01/2013,17:09:53.898,1640.75,18
ESU13,09/01/2013,17:09:54.057,1640.75,26
ESU13,09/01/2013,17:09:54.214,1640.75,26
ESU13,09/01/2013,17:09:54.357,1640.75,26
ESU13,09/01/2013,17:09:54.371,1640.75,1
ESU13,09/01/2013,17:09:54.479,1640.75,13
ESU13,09/01/2013,17:09:54.479,1640.75,12
ESU13,09/01/2013,17:09:54.479,1640.75,1
ESU13,09/01/2013,17:09:54.620,1640.75,1
ESU13,09/01/2013,17:09:54.620,1640.75,17
ESU13,09/01/2013,17:09:54.620,1640.75,8
ESU13,09/01/2013,17:09:54.793,1640.75,4
ESU13,09/01/2013,17:09:54.793,1640.75,1
ESU13,09/01/2013,17:09:54.799,1640.75,10
ESU13,09/01/2013,17:09:54.804,1641,1
ESU13,09/01/2013,17:09:54.815,1640.75,5
ESU13,09/01/2013,17:09:54.815,1640.75,2
ESU13,09/01/2013,17:09:55.258,1641,2
ESU13,09/01/2013,17:09:56.145,1641,75
ESU13,09/01/2013,17:09:56.615,1641,11
ESU13,09/01/2013,17:09:56.615,1641,1
ESU13,09/01/2013,17:09:56.615,1641,1
ESU13,09/01/2013,17:09:56.615,1641,1
ESU13,09/01/2013,17:09:56.615,1641,6
ESU13,09/01/2013,17:09:56.961,1641,200
ESU13,09/01/2013,17:09:56.961,1641,1
ESU13,09/01/2013,17:09:56.961,1641,1
ESU13,09/01/2013,17:09:56.961,1641,1
ESU13,09/01/2013,17:09:56.961,1641,1
ESU13,09/01/2013,17:09:56.961,1641,1
ESU13,09/01/2013,17:09:56.961,1641,3
ESU13,09/01/2013,17:09:56.961,1641,3
ESU13,09/01/2013,17:09:56.961,1641,1
ESU13,09/01/2013,17:09:56.961,1641,3
ESU13,09/01/2013,17:09:56.967,1641,4
ESU13,09/01/2013,17:09:56.967,1641,1
ESU13,09/01/2013,17:09:56.967,1641,1
ESU13,09/01/2013,17:09:56.967,1641,1
ESU13,09/01/2013,17:09:56.972,1641.25,4
ESU13,09/01/2013,17:09:56.972,1641.25,1
ESU13,09/01/2013,17:09:56.978,1641.25,1
ESU13,09/01/2013,17:09:56.978,1641.25,1
ESU13,09/01/2013,17:09:56.978,1641.25,1
ESU13,09/01/2013,17:09:56.978,1641.25,1
ESU13,09/01/2013,17:09:56.978,1641.25,2
ESU13,09/01/2013,17:09:56.978,1641.25,2
ESU13,09/01/2013,17:09:56.978,1641.25,1
ESU13,09/01/2013,17:09:56.978,1641.25,1
ESU13,09/01/2013,17:09:56.978,1641.25,1
ESU13,09/01/2013,17:09:56.978,1641.25,1
ESU13,09/01/2013,17:09:56.978,1641.25,1
ESU13,09/01/2013,17:09:56.978,1641.25,5
ESU13,09/01/2013,17:09:56.978,1641.25,1
ESU13,09/01/2013,17:09:56.978,1641.25,2
ESU13,09/01/2013,17:09:56.978,1641.25,2
ESU13,09/01/2013,17:09:56.983,1641.25,1
ESU13,09/01/2013,17:09:56.995,1641.25,1
ESU13,09/01/2013,17:09:57.191,1641.25,1
ESU13,09/01/2013,17:09:57.885,1641.25,1
ESU13,09/01/2013,17:09:57.885,1641.25,1
ESU13,09/01/2013,17:09:57.885,1641.25,2
ESU13,09/01/2013,17:09:57.885,1641.25,6
ESU13,09/01/2013,17:09:58.137,1641.25,1
ESU13,09/01/2013,17:09:58.137,1641.25,2
ESU13,09/01/2013,17:09:58.142,1641.25,1
ESU13,09/01/2013,17:09:58.148,1641.25,3
ESU13,09/01/2013,17:09:58.160,1641.25,1
ESU13,09/01/2013,17:09:58.178,1641.25,2
ESU13,09/01/2013,17:09:58.178,1641.25,1
ESU13,09/01/2013,17:09:58.257,1641.25,3
ESU13,09/01/2013,17:09:58.625,1641.25,3
ESU13,09/01/2013,17:09:58.878,1641.25,3
ESU13,09/01/2013,17:09:59.055,1641.5,1
ESU13,09/01/2013,17:09:59.062,1641.5,2
ESU13,09/01/2013,17:09:59.062,1641.5,4
ESU13,09/01/2013,17:09:59.062,1641.5,6
ESU13,09/01/2013,17:09:59.062,1641.5,2
ESU13,09/01/2013,17:09:59.062,1641.5,1
ESU13,09/01/2013,17:09:59.062,1641.5,3
ESU13,09/01/2013,17:09:59.062,1641.5,5
ESU13,09/01/2013,17:09:59.062,1641.5,1
ESU13,09/01/2013,17:09:59.062,1641.5,5
ESU13,09/01/2013,17:09:59.062,1641.5,2
ESU13,09/01/2013,17:09:59.062,1641.5,3
ESU13,09/01/2013,17:09:59.062,1641.5,6
ESU13,09/01/2013,17:09:59.062,1641.5,1
ESU13,09/01/2013,17:09:59.062,1641.5,10
ESU13,09/01/2013,17:09:59.062,1641.5,1
ESU13,09/01/2013,17:09:59.062,1641.5,1
ESU13,09/01/2013,17:09:59.062,1641.5,4
ESU13,09/01/2013,17:09:59.062,1641.5,1
ESU13,09/01/2013,17:09:59.062,1641.5,1
ESU13,09/01/2013,17:09:59.062,1641.5,3
ESU13,09/01/2013,17:09:59.062,1641.5,2
ESU13,09/01/2013,17:09:59.062,1641.5,2
ESU13,09/01/2013,17:09:59.062,1641.5,2
ESU13,09/01/2013,17:09:59.062,1641.5,2
ESU13,09/01/2013,17:09:59.062,1641.75,1
ESU13,09/01/2013,17:09:59.062,1641.75,1
ESU13,09/01/2013,17:09:59.062,1641.75,2
ESU13,09/01/2013,17:09:59.062,1641.75,2
ESU13,09/01/2013,17:09:59.062,1641.75,160
ESU13,09/01/2013,17:09:59.062,1641.75,5
ESU13,09/01/2013,17:09:59.062,1641.75,2
ESU13,09/01/2013,17:09:59.062,1641.75,1
ESU13,09/01/2013,17:09:59.062,1641.75,2
ESU13,09/01/2013,17:09:59.062,1641.75,1
ESU13,09/01/2013,17:09:59.062,1641.75,2
ESU13,09/01/2013,17:09:59.062,1641.75,1
ESU13,09/01/2013,17:09:59.062,1641.75,20
ESU13,09/01/2013,17:09:59.062,1642,1
ESU13,09/01/2013,17:09:59.062,1642,5
ESU13,09/01/2013,17:09:59.062,1642,2
ESU13,09/01/2013,17:09:59.062,1642,1
ESU13,09/01/2013,17:09:59.062,1642,7
ESU13,09/01/2013,17:09:59.062,1642,1
ESU13,09/01/2013,17:09:59.067,1642,3
ESU13,09/01/2013,17:09:59.067,1642,2
ESU13,09/01/2013,17:09:59.067,1642,7
ESU13,09/01/2013,17:09:59.067,1642,2
ESU13,09/01/2013,17:09:59.067,1642,1
ESU13,09/01/2013,17:09:59.067,1642,2
ESU13,09/01/2013,17:09:59.067,1642,1
ESU13,09/01/2013,17:09:59.067,1642,1
ESU13,09/01/2013,17:09:59.067,1642,8
ESU13,09/01/2013,17:09:59.067,1642,1
ESU13,09/01/2013,17:09:59.073,1641.75,1
ESU13,09/01/2013,17:09:59.073,1641.5,1
ESU13,09/01/2013,17:09:59.073,1642,1
ESU13,09/01/2013,17:09:59.073,1641.75,1
ESU13,09/01/2013,17:09:59.073,1641.75,4
ESU13,09/01/2013,17:09:59.078,1641.75,1
ESU13,09/01/2013,17:09:59.084,1641.75,1
ESU13,09/01/2013,17:09:59.084,1641.75,4
ESU13,09/01/2013,17:09:59.089,1641.75,2
ESU13,09/01/2013,17:09:59.180,1641.75,2
ESU13,09/01/2013,17:09:59.222,1641.75,3
ESU13,09/01/2013,17:09:59.222,1641.75,2
ESU13,09/01/2013,17:09:59.222,1641.75,2
ESU13,09/01/2013,17:09:59.222,1641.75,1
ESU13,09/01/2013,17:09:59.222,1641.75,1
ESU13,09/01/2013,17:09:59.222,1641.75,2
ESU13,09/01/2013,17:09:59.222,1642,8
ESU13,09/01/2013,17:09:59.222,1641.5,3
ESU13,09/01/2013,17:09:59.270,1641.5,2
ESU13,09/01/2013,17:09:59.270,1641.5,1
ESU13,09/01/2013,17:09:59.372,1641.5,3
ESU13,09/01/2013,17:09:59.372,1641.5,3
ESU13,09/01/2013,17:09:59.425,1641.5,2
ESU13,09/01/2013,17:09:59.590,1641.5,1
ESU13,09/01/2013,17:09:59.590,1641.5,1
ESU13,09/01/2013,17:09:59.590,1641.5,1
ESU13,09/01/2013,17:09:59.819,1641.5,2
ESU13,09/01/2013,17:09:59.819,1641.5,1
ESU13,09/01/2013,17:09:59.839,1641.75,1
ESU13,09/01/2013,17:09:59.947,1641.5,2
ESU13,09/01/2013,17:09:59.947,1641.5,1
ESU13,09/01/2013,17:10:00.048,1641.5,2
ESU13,09/01/2013,17:10:00.048,1641.5,1
ESU13,09/01/2013,17:10:00.086,1641.75,1
ESU13,09/01/2013,17:10:00.453,1641.5,3
ESU13,09/01/2013,17:10:00.581,1641.75,1
ESU13,09/01/2013,17:10:00.581,1641.75,1
ESU13,09/01/2013,17:10:00.597,1641.75,1
ESU13,09/01/2013,17:10:00.685,1641.5,1
ESU13,09/01/2013,17:10:00.685,1641.5,2
ESU13,09/01/2013,17:10:01.012,1641.5,48
ESU13,09/01/2013,17:10:01.012,1641.5,1
ESU13,09/01/2013,17:10:01.012,1641.5,2
ESU13,09/01/2013,17:10:01.012,1641.5,1
ESU13,09/01/2013,17:10:01.012,1641.5,2
ESU13,09/01/2013,17:10:01.012,1641.5,1
ESU13,09/01/2013,17:10:01.012,1641.5,2
ESU13,09/01/2013,17:10:01.012,1641.5,1
ESU13,09/01/2013,17:10:01.751,1641.25,5
ESU13,09/01/2013,17:10:02.159,1641.25,1
ESU13,09/01/2013,17:10:04.652,1641.25,7
ESU13,09/01/2013,17:10:04.652,1641.25,3
ESU13,09/01/2013,17:10:04.652,1641.25,3
ESU13,09/01/2013,17:10:04.652,1641.25,3
ESU13,09/01/2013,17:10:04.652,1641.25,1
ESU13,09/01/2013,17:10:04.652,1641.25,1
ESU13,09/01/2013,17:10:05.724,1641.25,1
ESU13,09/01/2013,17:10:07.664,1641,1
ESU13,09/01/2013,17:10:10.196,1641.25,2
ESU13,09/01/2013,17:10:10.196,1641.25,1
ESU13,09/01/2013,17:10:10.196,1641.25,2
ESU13,09/01/2013,17:10:10.196,1641.25,1
ESU13,09/01/2013,17:10:10.196,1641.25,3
ESU13,09/01/2013,17:10:10.196,1641.25,1
ESU13,09/01/2013,17:10:10.419,1641.25,1
ESU13,09/01/2013,17:10:11.102,1641,2
ESU13,09/01/2013,17:10:11.102,1641,1
ESU13,09/01/2013,17:10:11.246,1641,2
ESU13,09/01/2013,17:10:11.246,1641,1
ESU13,09/01/2013,17:10:11.509,1641,2
ESU13,09/01/2013,17:10:11.509,1641,1
ESU13,09/01/2013,17:10:11.546,1641.25,1
ESU13,09/01/2013,17:10:11.989,1641,3
ESU13,09/01/2013,17:10:12.012,1641,2
ESU13,09/01/2013,17:10:12.024,1641,3
ESU13,09/01/2013,17:10:12.155,1641,3
ESU13,09/01/2013,17:10:12.161,1641,3
ESU13,09/01/2013,17:10:12.161,1641,1
ESU13,09/01/2013,17:10:12.440,1641,3
ESU13,09/01/2013,17:10:12.685,1641,3
ESU13,09/01/2013,17:10:12.827,1641,3
ESU13,09/01/2013,17:10:12.992,1641,3
ESU13,09/01/2013,17:10:13.103,1641,1
ESU13,09/01/2013,17:10:13.103,1641,1
ESU13,09/01/2013,17:10:13.103,1641,1
ESU13,09/01/2013,17:10:13.103,1641,1
ESU13,09/01/2013,17:10:13.103,1641,5
ESU13,09/01/2013,17:10:13.103,1641,1
ESU13,09/01/2013,17:10:13.103,1641,3
ESU13,09/01/2013,17:10:13.310,1641,1
ESU13,09/01/2013,17:10:13.310,1641,1
ESU13,09/01/2013,17:10:13.310,1641,1
ESU13,09/01/2013,17:10:13.413,1641,3
ESU13,09/01/2013,17:10:13.516,1640.75,3
ESU13,09/01/2013,17:10:13.563,1641,1
ESU13,09/01/2013,17:10:13.666,1640.75,1
ESU13,09/01/2013,17:10:13.666,1640.75,2
ESU13,09/01/2013,17:10:13.771,1640.75,3
ESU13,09/01/2013,17:10:13.926,1640.75,3
ESU13,09/01/2013,17:10:14.306,1640.75,3
ESU13,09/01/2013,17:10:14.410,1640.75,3
ESU13,09/01/2013,17:10:14.529,1640.75,3
ESU13,09/01/2013,17:10:14.661,1640.75,3
ESU13,09/01/2013,17:10:14.771,1640.75,3
ESU13,09/01/2013,17:10:14.970,1640.75,3
ESU13,09/01/2013,17:10:15.131,1640.75,3
ESU13,09/01/2013,17:10:15.302,1640.75,5
ESU13,09/01/2013,17:10:15.310,1640.75,3
ESU13,09/01/2013,17:10:15.683,1640.75,3
ESU13,09/01/2013,17:10:15.792,1640.75,3
ESU13,09/01/2013,17:10:15.918,1640.75,3
ESU13,09/01/2013,17:10:16.022,1640.75,3
ESU13,09/01/2013,17:10:16.130,1640.75,3
ESU13,09/01/2013,17:10:16.275,1640.75,3
ESU13,09/01/2013,17:10:16.430,1640.75,3
ESU13,09/01/2013,17:10:16.620,1640.75,3
ESU13,09/01/2013,17:10:16.764,1640.75,2
ESU13,09/01/2013,17:10:16.764,1640.75,1
ESU13,09/01/2013,17:10:16.795,1640.75,2
ESU13,09/01/2013,17:10:16.795,1640.75,3
ESU13,09/01/2013,17:10:16.795,1640.75,26
ESU13,09/01/2013,17:10:16.795,1640.75,26
ESU13,09/01/2013,17:10:16.795,1640.75,26
ESU13,09/01/2013,17:10:16.795,1640.75,26
ESU13,09/01/2013,17:10:16.795,1640.75,1
ESU13,09/01/2013,17:10:16.795,1640.75,1
ESU13,09/01/2013,17:10:16.795,1640.75,5
ESU13,09/01/2013,17:10:16.872,1640.5,3
ESU13,09/01/2013,17:10:16.872,1640.5,1
ESU13,09/01/2013,17:10:16.999,1640.5,3
ESU13,09/01/2013,17:10:17.100,1640.5,3
ESU13,09/01/2013,17:10:17.217,1640.5,3
ESU13,09/01/2013,17:10:17.343,1640.5,2
ESU13,09/01/2013,17:10:17.349,1640.5,3
ESU13,09/01/2013,17:10:17.349,1640.5,3
ESU13,09/01/2013,17:10:17.369,1640.5,2
ESU13,09/01/2013,17:10:17.467,1640.5,3
ESU13,09/01/2013,17:10:17.473,1640.5,4
ESU13,09/01/2013,17:10:17.473,1640.5,14
ESU13,09/01/2013,17:10:17.473,1640.5,13
ESU13,09/01/2013,17:10:17.552,1640.5,1
ESU13,09/01/2013,17:10:17.552,1640.5,1
ESU13,09/01/2013,17:10:17.552,1640.5,1
ESU13,09/01/2013,17:10:17.552,1640.5,1
ESU13,09/01/2013,17:10:17.563,1640.5,3
ESU13,09/01/2013,17:10:17.635,1640.25,2
ESU13,09/01/2013,17:10:17.695,1640.25,1
ESU13,09/01/2013,17:10:18.028,1640.25,1
ESU13,09/01/2013,17:10:18.072,1640.25,3
ESU13,09/01/2013,17:10:18.263,1640.5,1
ESU13,09/01/2013,17:10:18.454,1640.5,1
ESU13,09/01/2013,17:10:18.497,1640.25,2
ESU13,09/01/2013,17:10:18.529,1640.25,2
ESU13,09/01/2013,17:10:18.587,1640.5,1
ESU13,09/01/2013,17:10:18.587,1640.5,2
ESU13,09/01/2013,17:10:18.587,1640.5,1
ESU13,09/01/2013,17:10:18.587,1640.5,1
ESU13,09/01/2013,17:10:18.587,1640.5,2
ESU13,09/01/2013,17:10:18.587,1640.5,1
ESU13,09/01/2013,17:10:18.587,1640.5,2
ESU13,09/01/2013,17:10:18.587,1640.5,2
ESU13,09/01/2013,17:10:18.587,1640.5,1
ESU13,09/01/2013,17:10:18.587,1640.5,1
ESU13,09/01/2013,17:10:18.587,1640.5,3
ESU13,09/01/2013,17:10:18.587,1640.5,10
ESU13,09/01/2013,17:10:18.587,1640.5,2
ESU13,09/01/2013,17:10:18.587,1640.5,3
ESU13,09/01/2013,17:10:18.587,1640.5,3
ESU13,09/01/2013,17:10:19.455,1640.5,3
ESU13,09/01/2013,17:10:19.769,1640.5,8
ESU13,09/01/2013,17:10:20.267,1640.5,36
ESU13,09/01/2013,17:10:20.267,1640.5,3
ESU13,09/01/2013,17:10:20.267,1640.5,3
ESU13,09/01/2013,17:10:20.267,1640.5,1
ESU13,09/01/2013,17:10:20.267,1640.5,1
ESU13,09/01/2013,17:10:20.267,1640.5,1
ESU13,09/01/2013,17:10:20.267,1640.5,1
ESU13,09/01/2013,17:10:20.267,1640.5,50
ESU13,09/01/2013,17:10:20.267,1640.5,14
ESU13,09/01/2013,17:10:20.267,1640.5,4
ESU13,09/01/2013,17:10:20.267,1640.5,14
ESU13,09/01/2013,17:10:20.267,1640.5,1
ESU13,09/01/2013,17:10:20.267,1640.5,2
ESU13,09/01/2013,17:10:20.267,1640.5,1
ESU13,09/01/2013,17:10:20.267,1640.5,2
ESU13,09/01/2013,17:10:20.267,1640.5,2
ESU13,09/01/2013,17:10:20.267,1640.5,2
ESU13,09/01/2013,17:10:20.267,1640.5,3
ESU13,09/01/2013,17:10:20.278,1640.5,3
ESU13,09/01/2013,17:10:20.516,1640.5,3
ESU13,09/01/2013,17:10:20.715,1640.5,3
ESU13,09/01/2013,17:10:20.931,1640.5,3
ESU13,09/01/2013,17:10:21.358,1640.5,3
ESU13,09/01/2013,17:10:21.365,1640.75,99
ESU13,09/01/2013,17:10:21.365,1640.75,1
ESU13,09/01/2013,17:10:21.644,1640.5,3
ESU13,09/01/2013,17:10:21.808,1640.5,3
ESU13,09/01/2013,17:10:21.935,1640.5,3
ESU13,09/01/2013,17:10:22.046,1640.5,3
ESU13,09/01/2013,17:10:22.155,1640.5,3
ESU13,09/01/2013,17:10:22.264,1640.5,3
ESU13,09/01/2013,17:10:22.538,1640.5,3
ESU13,09/01/2013,17:10:22.715,1640.5,3
ESU13,09/01/2013,17:10:22.728,1640.5,2
ESU13,09/01/2013,17:10:22.813,1640.5,3
ESU13,09/01/2013,17:10:22.917,1640.5,3
ESU13,09/01/2013,17:10:23.242,1640.5,3
ESU13,09/01/2013,17:10:23.396,1640.5,3
ESU13,09/01/2013,17:10:23.396,1640.5,3
ESU13,09/01/2013,17:10:23.396,1640.5,5
ESU13,09/01/2013,17:10:23.396,1640.5,1
ESU13,09/01/2013,17:10:23.396,1640.5,1
ESU13,09/01/2013,17:10:23.468,1640.25,2
ESU13,09/01/2013,17:10:23.576,1640.5,12
ESU13,09/01/2013,17:10:23.576,1640.5,2
ESU13,09/01/2013,17:10:23.583,1640.25,1
ESU13,09/01/2013,17:10:28.818,1640.5,1
ESU13,09/01/2013,17:10:28.818,1640.5,2
ESU13,09/01/2013,17:10:28.818,1640.5,1
ESU13,09/01/2013,17:10:28.818,1640.5,1
ESU13,09/01/2013,17:10:29.815,1640.5,25
ESU13,09/01/2013,17:10:29.815,1640.5,2
ESU13,09/01/2013,17:10:29.815,1640.5,8
ESU13,09/01/2013,17:10:29.815,1640.5,2
ESU13,09/01/2013,17:10:29.815,1640.5,4
ESU13,09/01/2013,17:10:29.815,1640.5,14
ESU13,09/01/2013,17:10:29.821,1640.5,2
ESU13,09/01/2013,17:10:29.826,1640.5,1
ESU13,09/01/2013,17:10:30.035,1640.5,1
ESU13,09/01/2013,17:10:30.035,1640.5,1
ESU13,09/01/2013,17:10:30.035,1640.5,1
ESU13,09/01/2013,17:10:30.040,1640.5,1
ESU13,09/01/2013,17:10:30.939,1640.5,1
ESU13,09/01/2013,17:10:30.939,1640.5,1
ESU13,09/01/2013,17:10:31.235,1640.5,1
ESU13,09/01/2013,17:10:31.235,1640.5,2
ESU13,09/01/2013,17:10:31.332,1640.5,3
ESU13,09/01/2013,17:10:31.620,1640.5,3
ESU13,09/01/2013,17:10:31.763,1640.5,13
ESU13,09/01/2013,17:10:31.769,1640.5,3
ESU13,09/01/2013,17:10:31.944,1640.5,3
ESU13,09/01/2013,17:10:32.061,1640.5,3
ESU13,09/01/2013,17:10:32.181,1640.5,3
ESU13,09/01/2013,17:10:32.294,1640.5,3
ESU13,09/01/2013,17:10:32.530,1640.5,3
ESU13,09/01/2013,17:10:33.179,1640.5,3
ESU13,09/01/2013,17:10:33.309,1640.5,3
ESU13,09/01/2013,17:10:33.474,1640.5,3
ESU13,09/01/2013,17:10:33.947,1640.5,2
ESU13,09/01/2013,17:10:33.947,1640.5,1
ESU13,09/01/2013,17:10:34.584,1640.5,2
ESU13,09/01/2013,17:10:34.584,1640.5,1
ESU13,09/01/2013,17:10:37.566,1640.75,1
ESU13,09/01/2013,17:10:37.566,1640.75,1
ESU13,09/01/2013,17:10:37.724,1640.75,10
ESU13,09/01/2013,17:10:38.476,1640.75,4
ESU13,09/01/2013,17:10:38.476,1640.75,1
ESU13,09/01/2013,17:10:38.476,1640.75,1
ESU13,09/01/2013,17:10:38.476,1640.75,1
ESU13,09/01/2013,17:10:38.476,1640.75,3
ESU13,09/01/2013,17:10:38.476,1640.75,2
ESU13,09/01/2013,17:10:38.476,1640.75,2
ESU13,09/01/2013,17:10:38.476,1640.75,2
ESU13,09/01/2013,17:10:38.476,1640.75,5
ESU13,09/01/2013,17:10:38.476,1640.75,2
ESU13,09/01/2013,17:10:38.476,1640.75,3
ESU13,09/01/2013,17:10:48.156,1640.75,1
ESU13,09/01/2013,17:10:48.156,1640.75,4
ESU13,09/01/2013,17:10:48.526,1640.75,10
ESU13,09/01/2013,17:10:49.935,1640.75,11
ESU13,09/01/2013,17:10:49.935,1640.75,2
ESU13,09/01/2013,17:10:49.935,1640.75,1
ESU13,09/01/2013,17:10:49.935,1640.75,1
ESU13,09/01/2013,17:10:49.940,1640.75,1
ESU13,09/01/2013,17:10:51.991,1640.75,1
ESU13,09/01/2013,17:10:51.991,1640.75,3
ESU13,09/01/2013,17:10:51.991,1640.75,1
ESU13,09/01/2013,17:10:51.991,1640.75,1
ESU13,09/01/2013,17:10:51.991,1640.75,2
ESU13,09/01/2013,17:10:51.991,1640.75,3
ESU13,09/01/2013,17:11:01.590,1640.75,1
ESU13,09/01/2013,17:11:01.590,1640.75,1
ESU13,09/01/2013,17:11:01.590,1640.75,1
ESU13,09/01/2013,17:11:01.590,1640.75,1
ESU13,09/01/2013,17:11:05.579,1640.75,5
ESU13,09/01/2013,17:11:05.579,1640.75,5
ESU13,09/01/2013,17:11:05.579,1640.75,3
ESU13,09/01/2013,17:11:09.091,1641,1
ESU13,09/01/2013,17:11:12.136,1640.75,1
ESU13,09/01/2013,17:11:14.166,1640.75,1
ESU13,09/01/2013,17:11:15.045,1640.75,1
ESU13,09/01/2013,17:11:18.925,1640.75,1
ESU13,09/01/2013,17:11:19.673,1640.75,1
ESU13,09/01/2013,17:11:19.679,1640.75,1
ESU13,09/01/2013,17:11:21.322,1640.75,1
ESU13,09/01/2013,17:11:24.914,1640.75,1
ESU13,09/01/2013,17:11:25.911,1640.75,1
ESU13,09/01/2013,17:11:28.142,1640.75,1
ESU13,09/01/2013,17:11:28.142,1641,2
ESU13,09/01/2013,17:11:28.142,1641,2
ESU13,09/01/2013,17:11:31.233,1640.75,5
ESU13,09/01/2013,17:11:31.429,1640.75,100
ESU13,09/01/2013,17:11:31.977,1640.75,100
ESU13,09/01/2013,17:11:34.078,1640.5,2
ESU13,09/01/2013,17:11:34.078,1640.5,3
ESU13,09/01/2013,17:11:34.078,1640.5,1
ESU13,09/01/2013,17:11:34.078,1640.5,4
ESU13,09/01/2013,17:11:34.284,1640.5,1
ESU13,09/01/2013,17:11:34.284,1640.5,1
ESU13,09/01/2013,17:11:34.284,1640.5,14
ESU13,09/01/2013,17:11:34.284,1640.5,1
ESU13,09/01/2013,17:11:34.284,1640.5,1
ESU13,09/01/2013,17:11:34.284,1640.5,2
ESU13,09/01/2013,17:11:34.284,1640.5,1
ESU13,09/01/2013,17:11:34.284,1640.5,5
ESU13,09/01/2013,17:11:34.284,1640.5,10
ESU13,09/01/2013,17:11:34.284,1640.5,30
ESU13,09/01/2013,17:11:34.284,1640.5,160
ESU13,09/01/2013,17:11:34.284,1640.5,5
ESU13,09/01/2013,17:11:34.284,1640.5,1
ESU13,09/01/2013,17:11:34.284,1640.5,5
ESU13,09/01/2013,17:11:34.284,1640.5,1
ESU13,09/01/2013,17:11:34.284,1640.5,1
ESU13,09/01/2013,17:11:34.284,1640.5,6
ESU13,09/01/2013,17:11:34.284,1640.5,1
ESU13,09/01/2013,17:11:34.284,1640.5,1
ESU13,09/01/2013,17:11:34.284,1640.5,2
ESU13,09/01/2013,17:11:35.035,1640.25,1
ESU13,09/01/2013,17:11:35.325,1640.25,2
ESU13,09/01/2013,17:11:35.325,1640.25,1
ESU13,09/01/2013,17:11:35.325,1640.25,5
ESU13,09/01/2013,17:11:35.325,1640.25,1
ESU13,09/01/2013,17:11:35.325,1640.25,1
ESU13,09/01/2013,17:11:35.677,1640.25,1
ESU13,09/01/2013,17:11:35.677,1640.25,4
ESU13,09/01/2013,17:11:35.677,1640.25,1
ESU13,09/01/2013,17:11:35.677,1640.25,1
ESU13,09/01/2013,17:11:35.677,1640.25,1
ESU13,09/01/2013,17:11:35.677,1640.25,1
ESU13,09/01/2013,17:11:35.677,1640.25,1
ESU13,09/01/2013,17:11:35.683,1640.25,13
ESU13,09/01/2013,17:11:35.866,1640.25,3
ESU13,09/01/2013,17:11:35.987,1640.25,3
ESU13,09/01/2013,17:11:35.987,1640.25,4
ESU13,09/01/2013,17:11:35.987,1640.25,1
ESU13,09/01/2013,17:11:36.276,1640.25,5
ESU13,09/01/2013,17:11:36.499,1640.25,1
ESU13,09/01/2013,17:11:37.754,1640.25,1
ESU13,09/01/2013,17:11:38.099,1640.5,1
ESU13,09/01/2013,17:11:38.099,1640.5,3
ESU13,09/01/2013,17:11:38.099,1640.5,10
ESU13,09/01/2013,17:11:38.099,1640.5,5
ESU13,09/01/2013,17:11:38.099,1640.5,4
ESU13,09/01/2013,17:11:38.099,1640.5,3
ESU13,09/01/2013,17:11:38.099,1640.5,3
ESU13,09/01/2013,17:11:38.099,1640.5,6
ESU13,09/01/2013,17:11:38.099,1640.5,1
ESU13,09/01/2013,17:11:38.099,1640.5,10
ESU13,09/01/2013,17:11:38.099,1640.5,14
ESU13,09/01/2013,17:11:38.099,1640.5,1
ESU13,09/01/2013,17:11:38.099,1640.5,1
ESU13,09/01/2013,17:11:38.099,1640.5,1
ESU13,09/01/2013,17:11:38.099,1640.5,3
ESU13,09/01/2013,17:11:38.099,1640.5,5
ESU13,09/01/2013,17:11:38.099,1640.75,79
ESU13,09/01/2013,17:11:39.002,1640.5,6
ESU13,09/01/2013,17:11:39.002,1640.5,3
ESU13,09/01/2013,17:11:40.398,1640.5,1
ESU13,09/01/2013,17:11:40.398,1640.5,15
ESU13,09/01/2013,17:11:40.398,1640.5,1
ESU13,09/01/2013,17:11:40.398,1640.5,2
ESU13,09/01/2013,17:11:40.398,1640.5,1
ESU13,09/01/2013,17:11:40.398,1640.5,1
ESU13,09/01/2013,17:11:44.698,1640.25,5
ESU13,09/01/2013,17:11:46.063,1640.5,1
ESU13,09/01/2013,17:11:51.514,1640.25,5
ESU13,09/01/2013,17:11:53.024,1640.5,1
ESU13,09/01/2013,17:11:54.315,1640.25,8
ESU13,09/01/2013,17:11:58.562,1640.25,1
ESU13,09/01/2013,17:12:01.219,1640.25,4
ESU13,09/01/2013,17:12:06.129,1640.5,2
ESU13,09/01/2013,17:12:06.129,1640.5,5
ESU13,09/01/2013,17:12:06.129,1640.5,1
ESU13,09/01/2013,17:12:06.129,1640.5,2
ESU13,09/01/2013,17:12:09.012,1640.25,1
ESU13,09/01/2013,17:12:10.590,1640.25,10
ESU13,09/01/2013,17:12:12.160,1640.5,1
ESU13,09/01/2013,17:12:12.745,1640.25,1
ESU13,09/01/2013,17:12:13.279,1640.5,1
ESU13,09/01/2013,17:12:14.482,1640.25,1
ESU13,09/01/2013,17:12:14.592,1640.25,1
ESU13,09/01/2013,17:12:14.592,1640.25,3
ESU13,09/01/2013,17:12:14.592,1640.25,3
ESU13,09/01/2013,17:12:14.592,1640.25,1
ESU13,09/01/2013,17:12:21.513,1640.25,2
ESU13,09/01/2013,17:12:21.513,1640.25,2
ESU13,09/01/2013,17:12:26.106,1640.5,10
ESU13,09/01/2013,17:12:26.106,1640.5,3
ESU13,09/01/2013,17:12:26.106,1640.5,1
ESU13,09/01/2013,17:12:26.106,1640.5,2
ESU13,09/01/2013,17:12:26.106,1640.5,5
ESU13,09/01/2013,17:12:26.106,1640.5,1
ESU13,09/01/2013,17:12:26.106,1640.5,1
ESU13,09/01/2013,17:12:26.106,1640.5,1
ESU13,09/01/2013,17:12:26.106,1640.5,1
ESU13,09/01/2013,17:12:26.106,1640.5,1
ESU13,09/01/2013,17:12:26.106,1640.5,3
ESU13,09/01/2013,17:12:26.106,1640.5,3
ESU13,09/01/2013,17:12:26.106,1640.5,2
ESU13,09/01/2013,17:12:26.106,1640.5,14
ESU13,09/01/2013,17:12:26.106,1640.5,2
ESU13,09/01/2013,17:12:26.106,1640.5,1
ESU13,09/01/2013,17:12:26.106,1640.5,3
ESU13,09/01/2013,17:12:26.106,1640.5,1
ESU13,09/01/2013,17:12:26.118,1640.5,1
ESU13,09/01/2013,17:12:26.118,1640.5,1
ESU13,09/01/2013,17:12:26.311,1640.75,1
ESU13,09/01/2013,17:12:26.954,1640.5,8
ESU13,09/01/2013,17:12:26.954,1640.5,1
ESU13,09/01/2013,17:12:26.954,1640.5,4
ESU13,09/01/2013,17:12:26.954,1640.5,4
ESU13,09/01/2013,17:12:32.615,1640.5,5
ESU13,09/01/2013,17:12:38.382,1640.75,1
ESU13,09/01/2013,17:12:40.858,1640.75,1
ESU13,09/01/2013,17:12:41.379,1640.75,75
ESU13,09/01/2013,17:12:41.728,1640.75,25
ESU13,09/01/2013,17:12:44.584,1640.5,1
ESU13,09/01/2013,17:12:47.049,1640.5,1
ESU13,09/01/2013,17:12:53.855,1640.5,1
ESU13,09/01/2013,17:12:56.531,1640.5,2
ESU13,09/01/2013,17:12:57.885,1640.5,3
ESU13,09/01/2013,17:13:00.314,1640.5,1
ESU13,09/01/2013,17:13:04.113,1640.5,1
ESU13,09/01/2013,17:13:04.257,1640.5,2
ESU13,09/01/2013,17:13:10.283,1640.5,2
ESU13,09/01/2013,17:13:19.158,1640.75,4
ESU13,09/01/2013,17:13:21.161,1640.75,70
ESU13,09/01/2013,17:13:21.190,1640.5,1
ESU13,09/01/2013,17:13:33.189,1640.5,2
ESU13,09/01/2013,17:13:33.189,1640.5,5
ESU13,09/01/2013,17:13:33.189,1640.5,1
ESU13,09/01/2013,17:13:33.189,1640.5,2
ESU13,09/01/2013,17:13:33.189,1640.5,1
ESU13,09/01/2013,17:13:33.189,1640.5,1
ESU13,09/01/2013,17:13:33.189,1640.5,28
ESU13,09/01/2013,17:13:33.764,1640.5,41
ESU13,09/01/2013,17:13:33.764,1640.5,1
ESU13,09/01/2013,17:13:33.764,1640.5,1
ESU13,09/01/2013,17:13:33.764,1640.5,1
ESU13,09/01/2013,17:13:33.820,1640.5,6
ESU13,09/01/2013,17:13:33.820,1640.5,1
ESU13,09/01/2013,17:13:34.557,1640.25,1
ESU13,09/01/2013,17:13:35.367,1640.75,5
ESU13,09/01/2013,17:13:36.845,1640.5,2
ESU13,09/01/2013,17:13:36.902,1640.5,5
ESU13,09/01/2013,17:13:36.902,1640.5,4
ESU13,09/01/2013,17:13:36.902,1640.5,2
ESU13,09/01/2013,17:13:36.959,1640.25,1
ESU13,09/01/2013,17:13:39.219,1640.25,1
ESU13,09/01/2013,17:13:47.374,1640.5,5
ESU13,09/01/2013,17:13:47.374,1640.5,3
ESU13,09/01/2013,17:13:47.374,1640.5,3
ESU13,09/01/2013,17:13:47.374,1640.5,3
ESU13,09/01/2013,17:13:47.374,1640.5,10
ESU13,09/01/2013,17:13:47.374,1640.5,3
ESU13,09/01/2013,17:13:50.012,1640.25,1
ESU13,09/01/2013,17:13:50.671,1640.25,1
ESU13,09/01/2013,17:13:50.671,1640.25,1
ESU13,09/01/2013,17:13:51.294,1640.25,1
ESU13,09/01/2013,17:13:51.971,1640.25,1
ESU13,09/01/2013,17:13:52.796,1640.25,1
ESU13,09/01/2013,17:13:56.118,1640.5,1
ESU13,09/01/2013,17:13:56.194,1640.25,1
ESU13,09/01/2013,17:13:58.299,1640.25,1
ESU13,09/01/2013,17:13:59.200,1640.5,30
ESU13,09/01/2013,17:14:09.993,1640.25,1
ESU13,09/01/2013,17:14:16.035,1640.5,2
ESU13,09/01/2013,17:14:26.832,1640.25,1
ESU13,09/01/2013,17:14:28.014,1640.25,2
ESU13,09/01/2013,17:14:28.014,1640.25,1
ESU13,09/01/2013,17:14:28.014,1640.25,25
ESU13,09/01/2013,17:14:28.014,1640.25,1
ESU13,09/01/2013,17:14:28.014,1640.25,1
ESU13,09/01/2013,17:14:28.014,1640.25,1
ESU13,09/01/2013,17:14:28.014,1640.25,1
ESU13,09/01/2013,17:14:28.014,1640.25,1
ESU13,09/01/2013,17:14:28.014,1640.25,4
ESU13,09/01/2013,17:14:28.014,1640.25,4
ESU13,09/01/2013,17:14:28.014,1640.25,2
ESU13,09/01/2013,17:14:28.014,1640.25,3
ESU13,09/01/2013,17:14:28.014,1640.25,1
ESU13,09/01/2013,17:14:28.014,1640.25,2
ESU13,09/01/2013,17:14:28.014,1640.25,2
ESU13,09/01/2013,17:14:28.014,1640.25,2
ESU13,09/01/2013,17:14:28.014,1640.25,1
ESU13,09/01/2013,17:14:28.014,1640.25,5
ESU13,09/01/2013,17:14:28.014,1640.25,10
ESU13,09/01/2013,17:14:28.014,1640.25,10
ESU13,09/01/2013,17:14:28.019,1640.25,3
ESU13,09/01/2013,17:14:28.035,1640.25,2
ESU13,09/01/2013,17:14:28.237,1640,1
ESU13,09/01/2013,17:14:28.327,1640,3
ESU13,09/01/2013,17:14:28.963,1640.25,17
ESU13,09/01/2013,17:14:28.963,1640.25,1
ESU13,09/01/2013,17:14:28.963,1640.25,3
ESU13,09/01/2013,17:14:28.963,1640.25,1
ESU13,09/01/2013,17:14:28.963,1640.25,2
ESU13,09/01/2013,17:14:28.963,1640.25,1
ESU13,09/01/2013,17:14:29.987,1640.25,2
ESU13,09/01/2013,17:14:29.987,1640.25,3
ESU13,09/01/2013,17:14:31.533,1640.25,1
ESU13,09/01/2013,17:14:31.614,1640.25,1
ESU13,09/01/2013,17:14:33.199,1640.25,23
ESU13,09/01/2013,17:14:33.199,1640.25,2
ESU13,09/01/2013,17:14:33.199,1640.25,3
ESU13,09/01/2013,17:14:33.199,1640.25,3
ESU13,09/01/2013,17:14:33.278,1640.25,19
ESU13,09/01/2013,17:14:35.271,1640.25,1
ESU13,09/01/2013,17:14:35.427,1640.25,1
ESU13,09/01/2013,17:14:38.860,1640.25,1
ESU13,09/01/2013,17:14:39.297,1640.5,1
ESU13,09/01/2013,17:14:49.406,1640.25,1
ESU13,09/01/2013,17:14:52.634,1640.25,1
ESU13,09/01/2013,17:14:59.566,1640.25,1
ESU13,09/01/2013,17:14:59.566,1640.25,1
ESU13,09/01/2013,17:15:03.096,1640.25,1
ESU13,09/01/2013,17:15:07.491,1640.5,1
ESU13,09/01/2013,17:15:11.721,1640.5,8
ESU13,09/01/2013,17:15:14.758,1640.5,2
ESU13,09/01/2013,17:15:35.407,1640.25,1
ESU13,09/01/2013,17:15:35.407,1640.25,1
ESU13,09/01/2013,17:15:35.407,1640.25,1
ESU13,09/01/2013,17:15:39.065,1640.25,1
ESU13,09/01/2013,17:15:40.670,1640.25,1
ESU13,09/01/2013,17:15:53.187,1640.25,1
ESU13,09/01/2013,17:15:53.187,1640.25,3
ESU13,09/01/2013,17:15:53.187,1640.25,2
ESU13,09/01/2013,17:15:53.187,1640.25,1
ESU13,09/01/2013,17:15:53.187,1640.25,1
ESU13,09/01/2013,17:15:53.187,1640.25,1
ESU13,09/01/2013,17:15:53.187,1640.25,1
ESU13,09/01/2013,17:15:54.334,1640.25,2
ESU13,09/01/2013,17:15:54.906,1640.25,1
ESU13,09/01/2013,17:15:55.468,1640,1
ESU13,09/01/2013,17:15:55.555,1640,1
ESU13,09/01/2013,17:16:01.575,1640,1
ESU13,09/01/2013,17:16:01.575,1640,33
ESU13,09/01/2013,17:16:01.575,1640,2
ESU13,09/01/2013,17:16:01.575,1640,1
ESU13,09/01/2013,17:16:01.575,1640,64
ESU13,09/01/2013,17:16:02.365,1640,20
ESU13,09/01/2013,17:16:08.510,1640,1
ESU13,09/01/2013,17:16:15.962,1640,1
ESU13,09/01/2013,17:16:16.144,1640.25,3
ESU13,09/01/2013,17:16:16.144,1640.25,1
ESU13,09/01/2013,17:16:16.144,1640.25,4
ESU13,09/01/2013,17:16:16.144,1640.25,5
